3010 4978
563 362 687 411 scurra
712 363 864 411 raercr.
1217 352 1260 417 75

160 511 306 576 mittitur
319 507 472 592 Ulysses.
515 507 696 590 Iphigenia
717 472 865 572 amatre
891 506 1077 595 abducitur.
1121 509 1260 594 Nuptim

164 611 372 675 simulantur.
414 609 521 672 Sacra
535 614 719 690 parantur·
745 609 822 672 Dea
834 615 945 673 tamen
958 610 1099 673 miserta
1108 610 1259 691 virginis,

161 709 313 775 hostiam
336 709 530 791 supposuit,
545 708 687 790 puellam
707 710 741 772 in
762 708 928 791 regionem
950 710 1118 774 transtulit
1137 709 1259 775 Tanti-

163 829 257 886 cem,
270 811 332 874 ubi
345 810 452 872 sacris
466 809 585 873 Dianae
600 809 755 892 prefects
775 816 838 873 est.
880 809 962 873 Huc
976 828 1057 873 vero
1071 829 1148 874 curn
1162 818 1258 893 post-

162 909 306 974 mudum
321 908 464 986 Orestes,
477 910 637 973 maternis
658 910 805 991 agitatus
823 909 921 972 furiis
942 910 1100 987 uenisset,
1118 910 1256 995 Jamque

163 1028 261 1074 more
273 1011 380 1093 gentis
403 1008 568 1092 Scythicae
593 1009 821 1073 immolandus
844 1016 983 1087 esset,e
1003 1029 1115 1076 sorore
1135 1020 1187 1077 est
1200 1032 1257 1096 eg·

163 1111 255 1174 nitus
278 1117 312 1173 et
325 1110 495 1173 liberatus.
541 1108 638 1185 Mox,
660 1109 774 1173 ablato
799 1109 924 1173 Dianae
948 1108 1137 1188 simulacro,
1159 1112 1256 1176 ansn-

160 1218 248 1293 gere,
270 1219 306 1273 et
328 1229 406 1274 curn
431 1211 466 1274 in
489 1208 623 1274 ltaliam
646 1208 826 1273 errabundi
852 1210 1040 1286 venissent·
1053 1211 1088 1274 in
1116 1209 1256 1279 Aricino

159 1329 295 1374 nemore
319 1309 356 1374 id
379 1309 598 1375 collocavere.
642 1308 837 1393 Euripides,
859 1310 895 1372 in
914 1307 1063 1392 iphigen.
1086 1310 1202 1376 Aulid.
1223 1321 1258 1379 et

158 1410 297 1475 Tauric-
311 1410 413 1474 Ovid.
430 1426 503 1475 xn.
519 1410 662 1475 Metam.
676 1410 731 1475 30.
747 1409 884 1474 Lucret.
902 1426 925 1472 ι.
949 1409 1073 1492 Hygin·
1086 1409 1140 1477 98.
1156 1411 1240 1477 Fab.

206 1508 380 1594 Iphigenia
414 1517 525 1574 tamen
552 1530 618 1575 non
654 1510 826 1588 translata,
850 1508 912 1574 sed
939 1529 1018 1574 vere
1046 1517 1193 1577 mactata
1220 1522 1255 1579 et

156 1609 312 1701 jugulata
345 1610 481 1687 dicitnr,
514 1609 660 1693 Virgilio
684 1626 723 1672 ιι.
754 1608 934 1675 AEnalle.
954 1608 1119 1692 *Propert
1145 1627 1200 1675 ιιι.
1221 1615 1254 1677 7.
1394 1692 1401 1703 .

161 1717 196 1774 et
210 1727 261 1773 lv.
275 1711 309 1776 1.

206 1808 352 1875 Victima
367 1817 492 1887 nutem,
507 1810 692 1892 Iphigeniae
704 1809 896 1891 supposita,
911 1810 976 1875 fuit
997 1828 1108 1875 cerva.
1152 1812 1252 1878 ovio.

160 1912 222 1974 lib.
235 1913 292 1974 cit
305 1910 361 1972 34.
375 1917 410 1974 et
432 1926 480 1971 ιιι.
494 1909 601 1973 'l'rist
615 1914 648 1972 4.
660 1911 718 1973 67.
740 1908 885 1974 Martiel.
901 1926 956 1974 ιιι.
971 1911 1026 1976 49.
1047 1918 1081 1975 et
1094 1910 1254 1981 Juvenal.

165 2025 241 2071 xrr.
254 2010 331 2071 120.
351 2006 584 2088 veljurencus
600 2009 820 2085 sinemurus,
840 2011 929 2088 qnod
944 2010 1134 2089 Nicandro,
1157 2012 1255 2075 velet

165 2127 262 2182 ursa,
278 2106 369 2188 quod
384 2104 517 2189 placuit
529 2104 768 2168 Phoenodemo.

215 2206 391 2271 Numisme
406 2204 471 2269 hoc
483 2203 530 2289 (si
544 2204 647 2269 modo
659 2223 725 2268 non
738 2204 865 2290 fictum)
877 2208 974 2274 sicuti
985 2208 1079 2275 dedit
1098 2208 1253 2295 cuperus

159 2308 276 2391 (cuius
290 2306 424 2389 scriptis
445 2305 528 2369 nihil
554 2306 720 2383 exactius,
735 2307 983 2395 eruditiusque)
1004 2310 1143 2378 observ.
1159 2329 1183 2376 ι.
1197 2313 1252 2378 12.

158 2411 205 2473 ita
218 2406 424 2483 Gronovius,
439 2405 540 2471 Thes.
553 2405 604 2471 lit.
621 2406 656 2470 S.
666 2408 699 2470 4.

389 2624 481 2691 Xll.
523 2622 713 2691 APOLLO
736 2627 1023 2695 SMlNTHlUS.

548 2759 626 2824 Lrn.
643 2778 685 2824 ιι.
707 2760 796 2825 Gna.
811 2763 863 2827 14.

157 2893 309 2959 ‘Eadem
341 2900 542 2977 tempestate
571 2896 746 2960 oraculum
773 2894 891 2983 Pythii
923 2893 1054 2957 Graecis
1081 2897 1250 2975 perfertur,

197 2992 449 3059 concedendum
466 2996 509 3058 ab
533 2996 705 3068 omnibns,
717 2994 768 3057 uti
790 3011 852 3074 per
868 2991 1086 3056 Palamedem
1101 2991 1251 3072 Apollini

200 3091 834 3158 Sminthiosscrificinmexniberetnr!
1032 3116 1034 3123 ¹
1175 3094 1178 3099 '

200 3226 446 3292 (lecuemms
467 3227 567 3313 hujus
591 3225 753 3308 originem
776 3224 962 3290 luculenter
987 3223 1080 3289 dedit
1099 3224 1141 3289 ed
1156 3222 1250 3290 Hnb.

161 3324 286 3390 Geltaii
299 3325 414 3392 Graec.
430 3326 496 3390 ius.
509 3328 562 3391 14.
588 3327 675 3392 Tab.
699 3326 830 3390 Ludov.
854 3325 1027 3406 Nunnins3
1048 3346 1172 3411 exque
1187 3347 1249 3392 no·

161 3428 233 3488 tete
253 3424 403 3492 adhunc
425 3424 653 3492 Tenediorum
675 3426 857 3523 Nummum
879 3428 1084 3494 solummodo
1097 3437 1247 3513 repetere

161 3525 330 3589 cunstitui.
833 3548 836 3553 ⁴
1203 3534 1205 3541 ’
1242 3552 1246 3559 ·

205 3620 334 3706 Apollo
360 3627 460 3708 igitur
489 3628 673 3693 sminthius
702 3628 776 3693 sive
804 3627 1009 3704 Smintheus,
1038 3647 1060 3692 e
1086 3631 1246 3709 muribus,

160 3743 253 3807 qnos
269 3721 401 3802 Σμὲιθους
415 3728 630 3810 appellebant
643 3728 759 3793 AEoles
773 3735 807 3792 et
815 3727 963 3812 Troiani.
985 3727 1112 3794 Verum
1126 3731 1247 3813 appele

156 3824 300 3891 lationis
327 3841 462 3888 cansam
488 3826 552 3893 lrue
588 3828 704 3892 modo·
719 3828 889 3892 memorie
916 3828 1054 3893 tradidit
1078 3828 1246 3908 AElianns,

158 3924 253 3988 Hist.
270 3920 387 3986 Anim.
405 3936 472 3983 ιιι.
486 3927 519 3988 t.
1183 3958 1187 3965 ι

202 4022 290 4089 Gom
314 4021 459 4086 murium
486 4042 602 4110 magne
622 4028 675 4093 vis
701 4029 913 4094 AEolensium
948 4047 989 4092 ac
1025 4026 1249 4110 Trojanorunr

153 4124 399 4211 popularentur
426 4140 519 4203 arva,
546 4129 805 4211 immaturaeque
842 4133 972 4208 segetes
1010 4130 1248 4197 consumerent,
