3010 4978
285 482 307 548 8
632 493 822 544 sosarnus
845 494 1033 543 seimona

284 639 372 706 trina
392 635 492 720 primi
506 634 582 700 libri
598 636 721 700 scimus
745 636 949 701 Neomenias
974 637 1052 701 anni
1068 636 1182 701 Graeci
1199 638 1373 721 popularis
1404 668 1412 687 ·

285 738 459 824 pervagari
474 756 621 801 mensem
636 737 799 819 integrum
820 740 856 800 in
877 737 983 802 forma
996 736 1019 801 J
1021 738 1144 801 uliana.
1188 737 1375 803 Hecatom·

282 841 391 916 baeon,
407 839 499 903 verbi
515 840 631 921 gratia,
644 838 825 921 aliqnando
841 837 959 903 incidit
968 839 1002 903 io
1019 854 1057 902 x.
1079 838 1101 902 J
1105 838 1176 916 olii,
1191 838 1373 921 aliquando

285 943 320 1005 in
332 958 382 1006 vr.
398 939 555 1022 Augusti.
599 939 703 1022 Igitur
717 938 813 1003 sidus
826 940 919 1023 quod
938 959 1078 1022 vespere
1091 939 1286 1003 Neomenias
1301 939 1375 1003 He·

286 1042 524 1106 oaiombaeonis
532 1043 644 1119 oritur,
658 1040 691 1104 in
707 1041 815 1124 primo
829 1059 917 1103 anno
934 1040 1057 1122 periodi
1066 1039 1201 1115 Atticae,
1213 1058 1277 1102 non
1292 1040 1374 1103 orie·

285 1147 339 1204 tur
353 1141 386 1204 in
401 1140 520 1206 eadem
537 1139 571 1205 N
573 1141 738 1219 eomenia‚
755 1140 888 1224 qnando
911 1140 1179 1204 Hecatombaeon
1192 1141 1257 1203 erit
1272 1140 1305 1203 in
1322 1157 1372 1203 vr.

286 1239 442 1324 Augusti.
485 1240 669 1323 Propterea
683 1241 927 1324 Parapegmata
943 1240 986 1304 ab
1002 1240 1182 1304 artificibus
1196 1240 1375 1322 proposita

287 1351 391 1421 erant,
413 1362 456 1406 ne
477 1343 598 1423 volgus
621 1343 655 1405 in
677 1342 794 1407 eadem
810 1341 997 1407 Neomenia
1019 1360 1150 1424 semper
1171 1340 1257 1404 idern
1279 1339 1374 1404 sidus

285 1443 364 1508 oriri
380 1449 439 1508 aut
454 1443 604 1508 occidere
619 1447 766 1527 putaret.
811 1441 913 1520 Quod
928 1449 1040 1507 tamen
1055 1444 1171 1524 vulgus
1183 1440 1375 1524 negligebat
1432 1466 1436 1473 ·

287 1543 374 1609 adeo
399 1550 437 1608 ut
451 1543 588 1627 quidam
611 1543 682 1607 dux
703 1542 794 1626 apud
821 1544 1012 1628 Polybium,
1028 1542 1162 1609 eumad
1178 1550 1296 1618 ortum,
1316 1547 1374 1605 aut

288 1665 447 1735 oooasum
462 1646 636 1711 Pleiadum
651 1644 733 1731 (non
747 1645 881 1710 memini
903 1653 1010 1710 utrum
1024 1644 1142 1723 ¹suerii)
1156 1644 1373 1720 conduxisset,

286 1767 354 1813 nou
367 1748 458 1812 venit
471 1747 516 1811 ad
530 1747 755 1812 constitutum.
785 1745 905 1812 Falsus
919 1748 1069 1812 nimirum
1084 1745 1274 1810 desultoria
1285 1763 1374 1808 men·

286 1849 373 1913 sium
387 1849 471 1929 situ3
493 1867 592 1931 quem
602 1866 667 1911 non
678 1846 954 1912 consideraverat.
997 1847 1086 1910 Duae
1101 1844 1199 1927 igitur
1213 1844 1255 1908 de
1270 1850 1374 1926 capto

287 1947 354 2013 llio
368 1949 562 2031 generaliter
573 1955 649 2013 sunt
664 1950 844 2017 sententiae.
889 1946 1033 2025 Quidam
1047 1947 1134 2010 enim
1150 1944 1263 2008 multis
1276 1938 1392 2007 annis*

287 2068 389 2133 supra
410 2050 666 2133 quadringentos
693 2056 768 2115 ante
797 2049 939 2132 primam
967 2046 1201 2133 Olympiadem
1234 2051 1376 2127 ponunt.

287 2146 359 2214 Alii
384 2158 505 2234 praeter
530 2150 798 2236 quadringentos,
814 2157 904 2227 octo,
924 2158 1063 2233 sepiem,
1077 2168 1149 2225 sex,
1170 2153 1203 2211 et
1224 2146 1374 2229 quinque

286 2256 411 2317 lanium
427 2259 561 2335 ponunt.
595 2252 728 2327 Horum
736 2259 865 2316 mnium
876 2253 973 2317 nobis
981 2249 1134 2316 habenda
1145 2248 1243 2324 ratio,
1258 2254 1292 2311 et
1300 2247 1374 2330 qui·

287 2348 363 2413 dem
381 2350 536 2414 intereos
550 2351 742 2432 eorum‚qui
758 2350 871 2414 Attica
887 2351 1112 2432 scripserunt:
1137 2368 1280 2432 quorum
1290 2366 1374 2412 unus

287 2468 471 2513 consensus
485 2456 538 2513 est
553 2450 587 2512 in
600 2468 712 2512 mense
722 2457 758 2512 et
773 2448 827 2512 die
838 2450 970 2512 mensis.
1015 2449 1141 2514 Omnes
1156 2450 1243 2514 enim
1260 2456 1376 2533 empyr-

287 2547 470 2634 iroiroslyliy
486 2546 623 2622 alienares
644 2547 708 2614 hoe
723 2550 898 2632 contigisse
907 2548 1033 2615 dicunt.
1078 2549 1118 2615 ln
1138 2549 1234 2614 annis
1248 2548 1375 2615 Tetroe·

288 2650 408 2717 leridis
421 2651 558 2719 variant.
601 2649 730 2734 Volgus
753 2651 840 2716 solet
853 2650 1002 2716 dividere
1016 2670 1161 2719 mensem
1176 2651 1323 2716 lunarem
1338 2651 1376 2716 in

287 2751 503 2829 novilunium,
517 2753 693 2836 septimam
714 2754 839 2830 lunam,
854 2754 1080 2837 plenilunium,
1104 2760 1139 2817 et
1162 2753 1338 2835 septimam
1354 2772 1378 2818 a

286 2852 369 2919 fine:
382 2871 466 2937 quas
478 2852 660 2919 divisiones
670 2854 871 2938 quadrantes
886 2854 976 2920 lunae
993 2863 1134 2920 vocant:
1149 2854 1245 2920 aliter
1254 2861 1378 2919 vocant

286 2953 439 3035 primam,
476 2955 666 3038 septimam,
687 2956 1009 3040 quintamdecimam,
1034 2957 1228 3021 vicesimam
1256 2973 1378 3020 seeun-

288 3052 375 3118 dum.
419 3053 533 3120 Graeci
556 3054 723 3142 φνγγίνρνον,
743 3054 896 3142 laxiorem,
928 3055 1105 3135 πανσέληνον,
1129 3055 1270 3141 δνχίμηννν
1293 3053 1379 3118 riori·

285 3178 350 3238 pas.
393 3154 461 3220 Hm
477 3161 617 3239 quatuor
637 3157 764 3222 lunaris
783 3158 905 3222 mensis
926 3158 1112 3225 divisiones
1134 3165 1210 3224 sunt
1230 3158 1265 3222 in
1287 3158 1377 3222 vice-

287 3255 375 3321 sima
387 3256 500 3333 tertia,
514 3255 587 3319 sive
603 3253 687 3342 ὀγδόῃ
701 3255 833 3339 alinerra
849 3266 1055 3345 θαργηλιῶνος.

331 3355 445 3419 Primo
464 3355 598 3438 quippe
611 3374 699 3421 anno
714 3358 961 3439 Tetraeteridos,
983 3361 1144 3428 vicesima
1160 3360 1256 3424 tertia
1269 3359 1378 3424 Thar-

287 3455 437 3538 yelionos
460 3460 512 3519 est
532 3457 641 3539 prima
662 3459 754 3538 luna,
777 3460 813 3524 in
837 3461 984 3527 secundo
999 3482 1085 3527 anno
1105 3470 1159 3525 est
1172 3461 1325 3544 septima,
1340 3461 1377 3524 in

286 3557 385 3622 tertio
408 3561 460 3620 est
486 3557 717 3640 plenilunium,
741 3561 777 3625 in
799 3571 920 3645 quarto
942 3569 995 3629 est
1024 3552 1188 3628 vicesima
1216 3562 1376 3627 secunda.

288 3656 418 3723 Rursus
443 3658 479 3720 in
501 3658 663 3726 vicesima
689 3666 787 3729 tertia
805 3664 1045 3747 'l'hnrgelionos
1068 3663 1146 3728 anni
1169 3650 1280 3744 primi,
1294 3663 1379 3728 luna

286 3757 413 3825 occidit
431 3757 546 3822 statim
568 3778 719 3844 vespere.
761 3765 803 3829 In
827 3785 912 3831 anno
937 3764 1099 3839 seeundo,
1115 3762 1240 3827 occidit
1265 3763 1379 3830 media

287 3864 394 3922 nocte.
432 3859 473 3923 In
487 3878 573 3925 anno
587 3865 698 3942 terlio,
714 3884 774 3948 per
785 3871 887 3931 totam
901 3873 1037 3932 noctem
1052 3867 1153 3930 lucet.
1185 3864 1224 3928 In
1240 3871 1378 3946 quarto,

288 3957 392 4023 oritur
406 3977 428 4022 a
448 3960 559 4025 media
573 3969 684 4027 nocte.
730 3964 801 4043 Qui
822 3969 920 4050 igilur
932 3966 1008 4032 408.
1023 3968 1120 4032 annis
1140 3973 1215 4030 ante
1231 3967 1379 4047 primam

286 4054 519 4141 Olympiadem
539 4067 674 4142 captum
697 4063 787 4129 Ilion
809 4069 936 4145 volunt,
962 4069 1150 4133 necessario
1165 4084 1253 4130 anno
1275 4065 1380 4130 lertio

284 4157 524 4225 Telraeteridos
546 4159 611 4226 hoo
627 4165 810 4247 contigisse
825 4170 951 4235 volunt.
996 4171 1086 4237 Nam
1104 4168 1177 4232 408.
1195 4166 1272 4230 anni
1288 4171 1378 4231 reiro

207 4304 229 4323 ..
285 4261 391 4341 putati
417 4260 570 4327 desimrnt
584 4263 619 4328 in
634 4267 688 4332 49.
707 4286 830 4336 annum
846 4273 976 4355 periodi
991 4270 1190 4357 Olympicus,
1205 4266 1379 4350 siquidem
