3010 4978
421 953 527 1043 aa
576 957 830 1052 meur
882 964 1207 1083 GRAECQ

516 1252 594 1319 EX
630 1255 866 1323 JOANNE
901 1261 1113 1331 voss10

602 1427 651 1478 DE
666 1428 872 1482 ulsroatcts
884 1432 1033 1491 ‚camela

274 1887 477 1983 Quaruoa
499 1919 556 1985 isti
587 1920 631 1984 ad
648 1920 797 2004 Trojano
817 1928 968 2003 tempora
989 1919 1180 1997 retemntur,
1193 1919 1361 2004 Sisyphus

274 2015 379 2097 Cous,
409 2019 587 2100 Curianus,
616 2023 725 2087 Dares
759 2022 936 2106 Phrygius,
962 2029 995 2086 et
1030 2023 1150 2106 Dictys
1179 2022 1360 2086 Cretensis.

273 2117 441 2203 Sisyphus
467 2123 571 2201 Cous,
595 2132 634 2189 ut
660 2125 762 2202 aiunt,
791 2124 911 2190 Teucri
937 2125 1048 2189 scriba
1072 2123 1147 2200 luit,
1175 2118 1217 2186 'ac
1240 2140 1296 2187 res
1316 2120 1361 2185 ad

274 2218 375 2285 Ilium
397 2234 508 2304 gestas
537 2226 664 2308 primus
689 2224 796 2290 literis
819 2224 1044 2308 consignavit:
1067 2243 1111 2287 ex
1134 2214 1361 2288 conclamet

275 2319 379 2402 Dicty
393 2323 553 2399 Cretensi,
571 2324 740 2387 Homerus
763 2325 874 2388 hausit
887 2344 964 2407 quaa
986 2324 1127 2401 cecinit3
1149 2324 1178 2386 si
1197 2322 1361 2388 credimus

272 2418 296 2482 J
298 2421 398 2482 oanni
415 2420 527 2485 Meleli
544 2419 824 2505 chronograph03
847 2443 891 2487 ex
907 2441 977 2506 quo
991 2421 1025 2485 id
1037 2422 1135 2488 refert
1149 2423 1173 2487 J
1175 2443 1252 2489 cau.
1264 2423 1363 2487 Tzet·

274 2537 343 2595 aes,
358 2518 445 2584 Chii.
461 2538 495 2582 v.
510 2520 604 2585 Hist.
618 2521 673 2586 29.
787 2537 800 2556 ⁴

317 2616 373 2682 Ab
389 2618 464 2683 aliis
487 2624 593 2684 autem
609 2621 737 2703 primus
753 2620 877 2686 dicitur
891 2621 1072 2700 Corinnae,
1083 2621 1278 2689 Palamedis
1292 2624 1362 2688 dis·

162 2752 166 2761 -
274 2719 420 2801 cipulus,
437 2720 573 2785 durante
590 2723 878 2788 etiannumoello
892 2723 1048 2807 Trojano,
1060 2724 1202 2788 Iliadem
1217 2724 1363 2789 carmine

275 2818 477 2897 modulatus,
500 2830 601 2905 atquc
623 2823 657 2887 id
681 2822 788 2888 literis
810 2825 942 2890 Doricis
965 2843 986 2888 a
1008 2824 1188 2891 Palamede
1210 2825 1363 2888 inventis.

276 2920 424 2985 Dardani
438 2941 571 3006 quoque
592 2944 737 3008 pugnam
755 2925 917 2992 adversus
939 2925 1175 3009 Paphlagonas
1196 2944 1363 3008 exposue-

274 3022 334 3102 rit;
357 3020 521 3108 omneque
536 3026 680 3109 poeseos
695 3047 768 3093 suae
784 3033 1007 3110 argumentum
1018 3045 1113 3090 exeo
1127 3026 1273 3091 hauserit
1287 3025 1363 3088 Ho-

275 3143 397 3200 merus,
409 3133 444 3190 ut
458 3127 561 3190 aiunt.
604 3126 736 3192 Auctor
746 3128 871 3194 Suidaa
886 3128 919 3192 in
935 3123 1071 3211 Κόριηος.

242 3252 245 3256 ⁴
319 3226 427 3289 Dares
444 3226 621 3307 Phrygios,
637 3228 792 3293 sacerdos
805 3227 1036 3312 Ihojanua,ab
1052 3227 1204 3293 Homero
1215 3227 1363 3293 celebra·

275 3332 330 3387 tur
345 3323 388 3386 Il.
411 3330 449 3387 E.
495 3324 578 3408 Ejus
602 3323 783 3408 Phrygiam
807 3327 951 3392 Iliadem
972 3347 1036 3393 sna
1060 3332 1241 3394 etiamnum
1259 3335 1361 3393 aetatc

276 3425 441 3497 extitisse,
456 3426 505 3486 ait
519 3424 672 3489 AElianus
685 3426 746 3490 lib.
763 3442 818 3490 xr.
834 3425 914 3490 Var.
933 3427 1026 3492 Hist.
1041 3447 1117 3512 cap.
1140 3430 1193 3493 ll.
1236 3427 1289 3491 De
1303 3448 1364 3493 eo·

276 3523 350 3586 dem
379 3523 430 3586 sic
454 3523 595 3587 Photius
621 3524 816 3591 Patriarcha
839 3527 873 3590 in
896 3526 1058 3593 Biblioth.
1082 3528 1167 3593 Ccd.
1187 3543 1280 3591 cxx.
1302 3531 1364 3594 nbi

275 3631 439 3707 excerpta
450 3624 546 3689 affert
562 3643 605 3690 ex
616 3626 792 3692 Ptolemaei
807 3627 1062 3712 Hephaestionis
1076 3647 1166 3693 nova
1176 3627 1221 3692 ad
1235 3631 1363 3696 variam

276 3723 495 3788 eruditionem
510 3725 648 3790 historia
662 3746 671 3792 r

317 3821 496 3910 Ἀντίπατρος
510 3818 542 3886 il
554 3829 665 3901 carrad
688 3823 840 3907 Ἀκάνθιος,
856 3828 976 3914 deipara
992 3827 1044 3915 apd
1067 3827 1191 3915 Ὀμήρου
1205 3828 1362 3913 γράψαντα

275 3925 324 4001 ria
336 3923 456 3996 Ἰλιάδα,
477 3926 604 4007 μνήμονα
619 3926 747 4013 yrrictar
764 3928 912 4015 Ἕκτορος,
926 3930 992 4015 trip
1007 3935 1055 3994 τοῦ
1069 3931 1109 4009 μὴ
1130 3931 1234 3993 iniria
1255 3932 1363 4016 lralpcr

274 4021 446 4109 Ἀχιλλέως,
467 4024 674 4110 ‘Antipater
687 4028 872 4094 Acanthius
897 4032 1005 4109 relert,
1022 4031 1190 4109 Darctem,
1212 4033 1271 4115 qui
1286 4038 1361 4097 ante

277 4124 458 4191 Homerum
470 4125 608 4192 Iliadem
624 4131 839 4213 conscripsit,
857 4132 1052 4196 monitorem
1067 4132 1172 4198 luisse
1188 4132 1361 4210 Hectoris,

276 4234 512 4312 auctoremque
526 4248 567 4292 ne
582 4228 722 4296 Achillis
735 4233 862 4298 socium
874 4232 1096 4298 interimeret.⁸
