3010 4978
312 397 359 471 60
566 412 646 463 isc.
670 410 860 467 rsnrrorni
887 407 1135 462 otssrnrrrro

315 563 381 633 sibi
394 560 537 644 mihique
551 560 729 642 perniciem
750 559 930 635 mechinnti
945 557 1045 625 sunt'
1085 559 1195 631 Solito
1208 557 1390 640 syntaxeos

314 661 465 743 nndogia
479 661 643 744 postulet,
657 667 694 727 ut
708 662 874 729 scribatur
887 661 955 738 hic,
968 667 980 703 e
993 657 1157 744 gestisnc’

356 777 416 829 ιιι.
435 761 491 827 25.
512 762 691 847 ‘Namque
711 763 744 828 hi
765 762 898 847 (tratres
918 760 1078 845 Helene)
1098 762 1245 827 execrati
1266 759 1393 825 facinus

314 863 399 947 ejus,
412 864 453 926 ne
467 864 502 929 in
516 863 679 929 militiam·
692 865 827 948 quidem
841 866 1016 931 nobiscnm
1032 863 1295 948 conjuraverunt,
1311 860 1396 927 scili«

311 970 368 1033 cet
382 983 425 1029 ne
436 982 538 1047 quam
553 966 668 1031 audire
677 966 878 1032 incolumem
888 967 1028 1045 nollent,
1039 966 1069 1029 ei
1084 983 1144 1050 per
1155 982 1193 1028 se
1205 962 1350 1028 reditum
1365 964 1397 1027 in

312 1064 457 1149 petriam
480 1069 690 1150 quaererent!
734 1066 859 1146 Nemo,
882 1067 1015 1151 opinor,
1040 1064 1186 1147 negabit,
1213 1064 1272 1146 qui
1301 1065 1397 1130 modo

312 1168 455 1232 animum
485 1167 635 1235 attendet
664 1168 709 1235 nd
735 1168 804 1233 loci
821 1187 954 1245 nexum,
980 1176 1016 1232 et
1044 1162 1232 1243 ‘reditum'
1258 1163 1302 1235 de
1331 1183 1396 1249 qno

312 1267 429 1349 egitur,
457 1268 536 1351 quin
564 1274 598 1335 ct
620 1269 655 1333 in
680 1269 846 1353 prioribus
866 1267 1105 1335 restituendum
1126 1266 1183 1345 sit,
1204 1263 1332 1335 ‘redire
1353 1267 1397 1335 in«.

315 1367 390 1437 col?

357 1485 407 1534 ιι.
428 1470 484 1539 12.
502 1470 618 1538 ‘Dein
639 1472 813 1555 plurimos,
827 1472 878 1538 nti
899 1490 1064 1556 quemque
1077 1470 1163 1534 intrn
1177 1469 1289 1547 telum,
1304 1464 1401 1546 ierit,’

313 1570 452 1647 scilicet,
467 1571 669 1661 '‘habebnt'
713 1571 783 1636 Sed
803 1571 917 1637 durior
936 1576 988 1637 eet
1007 1570 1080 1635 heec
1102 1570 1240 1652 ellipsis,
1266 1576 1302 1635 et
1323 1564 1400 1634 ideo

313 1667 443 1736 videtur
463 1671 651 1754 legendnm,
673 1671 749 1735 ‘nti
764 1668 934 1754 quisque!
976 1669 1035 1734 Sic
1052 1684 1094 1735 ιι.
1118 1669 1152 1732 2.
1173 1669 1242 1733 ‘nti
1258 1668 1401 1752 quisque

311 1770 349 1835 in
369 1790 489 1836 manns
514 1777 649 1839 venerer
664 1769 687 1840 τ’
706 1772 760 1841 vel
789 1776 1078 1853 ‘unumquemque
1092 1770 1180 1835 intre
1193 1768 1314 1847 telum,'
1336 1767 1405 1835 sci·

312 1871 393 1943 licet
414 1872 656 1940 ‘existentem'

223 2042 225 2049 ,
357 1988 410 2040 ιι.
429 1974 480 2040 19.
509 1975 584 2041 ‘De
617 1973 716 2059 cnjus
744 1974 880 2039 orecnic
906 1972 1114 2037 imminentia
1133 1966 1290 2053 Trcjenis
1312 1969 1407 2033 mele

314 2093 392 2149 cnm
406 2077 629 2158 cognovisset,
643 2077 730 2142 ultro
745 2073 932 2156 supplicem
953 2072 998 2137 ed
1019 2091 1081 2137 eos
1101 2068 1293 2136 decurrere!
1336 2067 1405 2133 Re·

314 2174 380 2247 tert
393 2177 506 2260 priore
528 2178 601 2244 haec
614 2175 716 2243 Anne
738 2173 781 2239 ed
804 2180 939 2239 ‘senem
954 2170 1145 2257 parentem:
1158 2170 1221 2234 hoc
1248 2175 1313 2248 cst,
1335 2168 1409 2248 An-¹

315 2274 442 2352 chisen,
455 2282 490 2341 et
508 2277 583 2363 ejus
597 2276 702 2341 tilium
717 2275 881 2354 AEneam3
902 2274 1091 2355 posteriora
1109 2270 1224 2336 nescio
1239 2276 1344 2341 utrum
1360 2269 1402 2338 ed

315 2373 457 2441 AEneam
479 2393 627 2456 qnoque,
643 2392 688 2437 en
713 2372 757 2436 nd
782 2371 966 2436 Helenum.
1009 2370 1076 2435 Sed
1098 2371 1320 2436 certissimum
1341 2376 1402 2448 est,

315 2469 484 2536 excidisse
506 2481 584 2536 ente
612 2472 685 2538 heec
698 2472 804 2536 verbe
832 2469 971 2553 aliquid,
993 2476 1029 2535 et
1048 2472 1246 2537 mentionem
1268 2471 1403 2555 quidem

315 2571 495 2655 Apollinis,
510 2590 551 2637 ee
564 2590 644 2636 vero
659 2570 777 2637 deinde
798 2571 930 2649 Heleno
956 2576 1082 2637 tantem
1103 2572 1330 2654 intelligenda,
1345 2573 1403 2657 qni

315 2691 361 2738 ex
383 2670 561 2739 ‘oraculo’
575 2671 759 2756 Apollinis,
776 2671 874 2756 cnjus
896 2679 971 2738 eret
991 2678 1097 2750 vetes,
1119 2673 1230 2739 ‘mele
1243 2673 1404 2759 Trojenis

314 2772 524 2840 imminentis
543 2771 766 2858 cognoverat}
788 2779 823 2839 et
844 2770 922 2839 ideo
943 2774 1047 2841 ‘ultro
1068 2774 1113 2839 ed
1136 2773 1275 2841 Grecos
1289 2774 1405 2845 decur-

315 2873 433 2944 rebat?
550 2919 565 2947 .
883 2902 887 2913 ·
989 2918 991 2923 «

359 2992 410 3041 vr.
431 2976 485 3044 13.
506 2982 517 3019 ι
529 2977 577 3047 Ut
603 2995 713 3047 sermo
739 2978 907 3047 hominurn
935 2976 1119 3045 terebatur!
1163 2975 1334 3059 legerim,
1354 2977 1406 3046 rel

309 3075 445 3164 serdot.
487 3079 545 3147 Sic
557 3079 633 3147 liv.
649 3095 676 3144 1.
693 3081 752 3148 to.
772 3080 903 3146 ‘Peme
915 3078 978 3143 iert
999 3077 1034 3144 id
1056 3097 1133 3145 esse
1145 3077 1292 3144 inemun'
1335 3080 1405 3147 cie.

316 3177 384 3244 Off.
401 3194 458 3244 ιιι.
478 3180 511 3248 9.
536 3180 703 3245 ‘AEnenm
718 3199 853 3265 equum,
866 3185 904 3244 nt
922 3178 1026 3244 ierunt
1047 3177 1184 3257 tenne,
1198 3179 1406 3248 animadver-

251 3321 253 3325 -
315 3276 374 3342 tit’
412 3279 507 3347 Fam.
524 3296 551 3344 ι.
565 3279 598 3344 9.
620 3286 681 3346 ‘ut
693 3301 769 3346 mee
780 3282 893 3366 opinio
906 3278 994 3345 lert?
1035 3279 1111 3359 Vel,
1126 3279 1326 3349 ‘sermone'
1353 3280 1405 3349 Ita

315 3375 391 3442 Lir.
409 3390 435 3441 ι.
448 3379 502 3444 42.
524 3378 597 3445 ‘Ut
609 3382 734 3464 posteri
756 3381 847 3447 ieme
867 3381 989 3446 ferrent
1011 3379 1215 3454 conditorem
1231 3369 1404 3450 Servium?

316 3475 397 3543 Seli.
412 3475 488 3544 Cet.
502 3477 536 3543 8.
558 3479 650 3546 ‘Res
662 3479 916 3549 Atheniensium
937 3479 1108 3563 eliquanto
1128 3482 1272 3547 minores
1297 3484 1402 3563 fuere,

316 3595 418 3659 quern
432 3578 522 3644 ieme
536 3580 703 3645 feruntur!

358 3692 423 3742 ιιι..
447 3679 568 3764 Neque
581 3698 660 3748 vero
673 3683 790 3748 mirum
804 3683 877 3751 lreec
894 3688 930 3748 et
944 3680 1066 3747 similis
1080 3698 1102 3745 n
1114 3678 1259 3747 librariis
1274 3682 1401 3767 passim

169 3861 174 3868 Ι
315 3777 445 3857 vitiata,
460 3797 536 3845 cnm
549 3781 649 3849 ettam
663 3783 726 3849 riri
739 3782 937 3861 doctissimi,
951 3782 1009 3867 qui
1022 3787 1118 3846 notes
1138 3780 1172 3845 in
1184 3780 1271 3847 hunc
1285 3790 1403 3851 nnete

314 3897 384 3944 rem
398 3880 571 3962 scripsere,
584 3884 692 3950 multe
706 3884 919 3951 Intmissime
940 3881 1031 3948 dicte
1053 3887 1178 3947 temere
1198 3886 1336 3964 prorsus
1348 3902 1403 3949 so·

312 3978 520 4047 licitererint
563 3982 693 4067 Magne
713 4003 829 4051 eornm
851 4002 946 4065 seges
960 4001 1005 4049 ex
1024 3980 1078 4048 Cl.
1092 3979 1266 4065 Vindingii
1278 3982 1402 4051 notule

314 4080 429 4163 colligi
456 4091 586 4165 posset,
611 4084 679 4150 nisi
709 4085 782 4169 J’nrn
810 4083 986 4151 absolvere
1018 4083 1107 4149 hanc
1134 4081 1399 4151 dissertationem

314 4181 444 4251 enimus
457 4181 565 4252 ierret.
607 4184 810 4269 Speciminis
823 4191 933 4254 temen
946 4181 1206 4269 iocosequentin
1219 4182 1314 4248 hehe.
