<?xml version="1.0" encoding="UTF-8"?>
<!DOCTYPE html PUBLIC "-//W3C//DTD XHTML 1.0 Transitional//EN"
    "http://www.w3.org/TR/xhtml1/DTD/xhtml1-transitional.dtd">
<html xmlns="http://www.w3.org/1999/xhtml" xml:lang="en" lang="en">
 <head>
  <title>
</title>
<meta http-equiv="Content-Type" content="text/html;charset=utf-8" />
  <meta name='ocr-system' content='tesseract 3.04.00' />
  <meta name='ocr-capabilities' content='ocr_page ocr_carea ocr_par ocr_line ocrx_word'/>
</head>
<body>
  <div class='ocr_page' id='page_1' title='image "./debellotrojano01josegoog/debellotrojano01josegoog_0658.png"; bbox 0 0 3046 4958; ppageno 0'>
   <div class='ocr_carea' id='block_1_1' title="bbox 426 436 1236 540">
    <p class='ocr_par' dir='ltr' id='par_1_1' title="bbox 426 436 1236 540">
     <span class='ocr_line' id='line_1_1' title="bbox 426 436 1236 540; baseline -0.001 -11"><span class='ocrx_word' id='word_1_1' title='bbox 426 482 476 530; x_wconf 82' lang='lat' dir='ltr'>nn</span> <span class='ocrx_word' id='word_1_2' title='bbox 500 436 641 529; x_wconf 79' lang='lat' dir='ltr'>nr&#39;crra</span> <span class='ocrx_word' id='word_1_3' title='bbox 664 465 948 540; x_wconf 64' lang='lat' dir='ltr'>nuenarianae.</span> <span class='ocrx_word' id='word_1_4' title='bbox 1169 463 1236 529; x_wconf 82' lang='grc'>841</span> 
     </span>
    </p>
   </div>
   <div class='ocr_carea' id='block_1_2' title="bbox 145 616 1306 2624">
    <p class='ocr_par' dir='ltr' id='par_1_2' title="bbox 145 616 1306 2624">
     <span class='ocr_line' id='line_1_2' title="bbox 147 616 1237 703; baseline 0 -20"><span class='ocrx_word' id='word_1_5' title='bbox 147 621 247 695; x_wconf 80' lang='lat' dir='ltr'>dieux,</span> <span class='ocrx_word' id='word_1_6' title='bbox 273 628 304 682; x_wconf 88' lang='lat' dir='ltr'>et</span> <span class='ocrx_word' id='word_1_7' title='bbox 317 619 370 682; x_wconf 90' lang='lat' dir='ltr'>des</span> <span class='ocrx_word' id='word_1_8' title='bbox 383 620 451 703; x_wconf 93' lang='lat' dir='ltr'>plus</span> <span class='ocrx_word' id='word_1_9' title='bbox 463 616 593 683; x_wconf 77' lang='lat' dir='ltr'>illustror</span> <span class='ocrx_word' id='word_1_10' title='bbox 608 618 705 683; x_wconf 79' lang='lat' dir='ltr'>Heron</span> <span class='ocrx_word' id='word_1_11' title='bbox 721 621 759 683; x_wconf 87' lang='lat' dir='ltr'>de</span> <span class='ocrx_word' id='word_1_12' title='bbox 772 616 947 702; x_wconf 64' lang='lat' dir='ltr'>l&#39;dnti&#39;quite</span> <span class='ocrx_word' id='word_1_13' title='bbox 970 632 1108 701; x_wconf 76' lang='lat' dir='ltr'>payenna</span> <span class='ocrx_word' id='word_1_14' title='bbox 1123 636 1176 701; x_wconf 91' lang='lat' dir='ltr'>per</span> <span class='ocrx_word' id='word_1_15' title='bbox 1193 622 1237 683; x_wconf 86' lang='grc' dir='ltr'><strong>Μ.</strong></span> 
     </span>
     <span class='ocr_line' id='line_1_3' title="bbox 148 714 1236 800; baseline 0.002 -22"><span class='ocrx_word' id='word_1_16' title='bbox 148 720 269 800; x_wconf 79' lang='lat' dir='ltr'>Dupup,</span> <span class='ocrx_word' id='word_1_17' title='bbox 280 721 320 778; x_wconf 82' lang='lat' dir='ltr'>od</span> <span class='ocrx_word' id='word_1_18' title='bbox 330 717 391 779; x_wconf 87' lang='lat' dir='ltr'>l’on</span> <span class='ocrx_word' id='word_1_19' title='bbox 402 714 458 778; x_wconf 83' lang='lat' dir='ltr'>init</span> <span class='ocrx_word' id='word_1_20' title='bbox 471 720 533 780; x_wconf 84' lang='lat' dir='ltr'>roir</span> <span class='ocrx_word' id='word_1_21' title='bbox 545 737 603 799; x_wconf 89' lang='lat' dir='ltr'>que</span> <span class='ocrx_word' id='word_1_22' title='bbox 616 718 645 779; x_wconf 89' lang='lat' dir='ltr'>le</span> <span class='ocrx_word' id='word_1_23' title='bbox 659 717 759 793; x_wconf 83' lang='lat' dir='ltr'>Culte,</span> <span class='ocrx_word' id='word_1_24' title='bbox 776 718 822 778; x_wconf 89' lang='lat' dir='ltr'>les</span> <span class='ocrx_word' id='word_1_25' title='bbox 837 716 999 796; x_wconf 77' lang='lat' dir='ltr'>Mysteres,</span> <span class='ocrx_word' id='word_1_26' title='bbox 1009 714 1053 777; x_wconf 84' lang='lat' dir='ltr'>les</span> <span class='ocrx_word' id='word_1_27' title='bbox 1068 718 1236 793; x_wconf 80' lang='lat' dir='ltr'>Sueriflces,</span> 
     </span>
     <span class='ocr_line' id='line_1_4' title="bbox 146 812 1236 901; baseline 0.002 -26"><span class='ocrx_word' id='word_1_28' title='bbox 146 825 177 875; x_wconf 86' lang='lat' dir='ltr'>et</span> <span class='ocrx_word' id='word_1_29' title='bbox 191 815 235 875; x_wconf 85' lang='lat' dir='ltr'>les</span> <span class='ocrx_word' id='word_1_30' title='bbox 250 824 348 876; x_wconf 86' lang='lat' dir='ltr'>autres</span> <span class='ocrx_word' id='word_1_31' title='bbox 364 814 556 876; x_wconf 88' lang='lat' dir='ltr'>Ceremonies</span> <span class='ocrx_word' id='word_1_32' title='bbox 578 814 618 879; x_wconf 92' lang='lat' dir='ltr'>du</span> <span class='ocrx_word' id='word_1_33' title='bbox 633 814 812 901; x_wconf 76' lang='lat' dir='ltr'>Ppganisme</span> <span class='ocrx_word' id='word_1_34' title='bbox 835 833 872 873; x_wconf 87' lang='lat' dir='ltr'>ne</span> <span class='ocrx_word' id='word_1_35' title='bbox 887 822 957 872; x_wconf 89' lang='lat' dir='ltr'>sont</span> <span class='ocrx_word' id='word_1_36' title='bbox 978 831 1036 890; x_wconf 88' lang='lat' dir='ltr'>que</span> <span class='ocrx_word' id='word_1_37' title='bbox 1056 812 1111 873; x_wconf 88' lang='lat' dir='ltr'>des</span> <span class='ocrx_word' id='word_1_38' title='bbox 1135 817 1236 896; x_wconf 91' lang='lat' dir='ltr'>copies</span> 
     </span>
     <span class='ocr_line' id='line_1_5' title="bbox 146 907 1233 989; baseline 0.001 -20"><span class='ocrx_word' id='word_1_39' title='bbox 146 911 327 989; x_wconf 83' lang='lat' dir='ltr'>imperfaites</span> <span class='ocrx_word' id='word_1_40' title='bbox 352 910 390 969; x_wconf 87' lang='lat' dir='ltr'>de</span> <span class='ocrx_word' id='word_1_41' title='bbox 414 909 566 971; x_wconf 82' lang='lat' dir='ltr'>l’llistoire</span> <span class='ocrx_word' id='word_1_42' title='bbox 590 912 697 986; x_wconf 87' lang='lat' dir='ltr'>sainte,</span> <span class='ocrx_word' id='word_1_43' title='bbox 720 911 861 971; x_wconf 86' lang='lat' dir='ltr'>Daretem</span> <span class='ocrx_word' id='word_1_44' title='bbox 876 907 993 967; x_wconf 79' lang='lat' dir='ltr'>Gallica</span> <span class='ocrx_word' id='word_1_45' title='bbox 1007 919 1233 986; x_wconf 81' lang='lat' dir='ltr'>proaarerterat</span> 
     </span>
     <span class='ocr_line' id='line_1_6' title="bbox 147 1001 1239 1085; baseline 0.001 -18"><span class='ocrx_word' id='word_1_46' title='bbox 147 1005 260 1068; x_wconf 76' lang='lat' dir='ltr'>reiculo</span> <span class='ocrx_word' id='word_1_47' title='bbox 276 1006 340 1085; x_wconf 90' lang='lat' dir='ltr'>jam</span> <span class='ocrx_word' id='word_1_48' title='bbox 360 1006 566 1069; x_wconf 88' lang='lat' dir='ltr'>tertiodecimo</span> <span class='ocrx_word' id='word_1_49' title='bbox 590 1004 775 1067; x_wconf 83' lang='lat' dir='ltr'>Gotoiredus</span> <span class='ocrx_word' id='word_1_50' title='bbox 800 1005 838 1066; x_wconf 90' lang='lat' dir='ltr'>de</span> <span class='ocrx_word' id='word_1_51' title='bbox 851 1001 1060 1075; x_wconf 71' lang='lat' dir='ltr'>waterfordiae,</span> <span class='ocrx_word' id='word_1_52' title='bbox 1080 1003 1239 1082; x_wconf 83' lang='lat' dir='ltr'>Hibernas,</span> 
     </span>
     <span class='ocr_line' id='line_1_7' title="bbox 147 1099 1239 1179; baseline 0 -16"><span class='ocrx_word' id='word_1_53' title='bbox 147 1103 222 1163; x_wconf 80' lang='lat' dir='ltr'>Ord.</span> <span class='ocrx_word' id='word_1_54' title='bbox 237 1102 484 1165; x_wconf 79' lang='lat' dir='ltr'>Predicatorum.</span> <span class='ocrx_word' id='word_1_55' title='bbox 499 1103 577 1164; x_wconf 87' lang='lat' dir='ltr'>Vide</span> <span class='ocrx_word' id='word_1_56' title='bbox 590 1103 659 1165; x_wconf 87' lang='lat' dir='ltr'>Jac.</span> <span class='ocrx_word' id='word_1_57' title='bbox 674 1100 844 1163; x_wconf 84' lang='lat' dir='ltr'>Echardum</span> <span class='ocrx_word' id='word_1_58' title='bbox 857 1099 895 1160; x_wconf 88' lang='lat' dir='ltr'>de</span> <span class='ocrx_word' id='word_1_59' title='bbox 913 1099 1103 1179; x_wconf 73' lang='lat' dir='ltr'>scriptoribus</span> <span class='ocrx_word' id='word_1_60' title='bbox 1117 1099 1239 1163; x_wconf 88' lang='lat' dir='ltr'>Ordinis</span> 
     </span>
     <span class='ocr_line' id='line_1_8' title="bbox 148 1182 1239 1279; baseline 0.001 -20"><span class='ocrx_word' id='word_1_61' title='bbox 148 1197 338 1260; x_wconf 88' lang='lat' dir='ltr'>Dominicani</span> <span class='ocrx_word' id='word_1_62' title='bbox 352 1199 386 1259; x_wconf 85' lang='lat' dir='ltr'>T.</span> <span class='ocrx_word' id='word_1_63' title='bbox 404 1218 429 1259; x_wconf 87' lang='lat'>1.</span> <span class='ocrx_word' id='word_1_64' title='bbox 442 1218 473 1279; x_wconf 92' lang='lat' dir='ltr'>p.</span> <span class='ocrx_word' id='word_1_65' title='bbox 486 1200 558 1260; x_wconf 84' lang='grc'><strong>467.</strong></span> <span class='ocrx_word' id='word_1_66' title='bbox 600 1198 669 1260; x_wconf 81' lang='lat' dir='ltr'>Non</span> <span class='ocrx_word' id='word_1_67' title='bbox 684 1195 892 1269; x_wconf 80' lang='lat' dir='ltr'>omittendum,</span> <span class='ocrx_word' id='word_1_68' title='bbox 915 1182 1106 1275; x_wconf 79' lang='lat' dir='ltr'>quodDarss</span> <span class='ocrx_word' id='word_1_69' title='bbox 1120 1195 1239 1259; x_wconf 80' lang='lat' dir='ltr'>Gallice</span> 
     </span>
     <span class='ocr_line' id='line_1_9' title="bbox 148 1290 1237 1357; baseline 0.001 -2"><span class='ocrx_word' id='word_1_70' title='bbox 148 1296 237 1356; x_wconf 85' lang='lat' dir='ltr'>etiem</span> <span class='ocrx_word' id='word_1_71' title='bbox 248 1304 343 1356; x_wconf 86' lang='lat' dir='ltr'>metro</span> <span class='ocrx_word' id='word_1_72' title='bbox 356 1295 496 1356; x_wconf 66' lang='lat' dir='ltr'>nanctus</span> <span class='ocrx_word' id='word_1_73' title='bbox 509 1304 592 1357; x_wconf 82' lang='lat' dir='ltr'>extat</span> <span class='ocrx_word' id='word_1_74' title='bbox 610 1296 643 1355; x_wconf 88' lang='lat' dir='ltr'>iu</span> <span class='ocrx_word' id='word_1_75' title='bbox 665 1293 770 1356; x_wconf 87' lang='lat' dir='ltr'>codice</span> <span class='ocrx_word' id='word_1_76' title='bbox 794 1290 897 1354; x_wconf 80' lang='lat' dir='ltr'>smouli</span> <span class='ocrx_word' id='word_1_77' title='bbox 921 1308 988 1353; x_wconf 82' lang='lat' dir='ltr'>xrr.</span> <span class='ocrx_word' id='word_1_78' title='bbox 1012 1293 1237 1356; x_wconf 82' lang='lat' dir='ltr'>membranaceo</span> 
     </span>
     <span class='ocr_line' id='line_1_10' title="bbox 149 1385 1239 1455; baseline 0.001 -5"><span class='ocrx_word' id='word_1_79' title='bbox 149 1390 343 1453; x_wconf 77' lang='lat' dir='ltr'>Bibliotheca</span> <span class='ocrx_word' id='word_1_80' title='bbox 357 1391 562 1454; x_wconf 74' lang='lat' dir='ltr'>Ambrosianum</span> <span class='ocrx_word' id='word_1_81' title='bbox 573 1389 819 1453; x_wconf 85' lang='lat' dir='ltr'>Mediolanensls.</span> <span class='ocrx_word' id='word_1_82' title='bbox 838 1385 914 1450; x_wconf 89' lang='lat' dir='ltr'>Vide</span> <span class='ocrx_word' id='word_1_83' title='bbox 926 1388 964 1447; x_wconf 88' lang='lat' dir='ltr'>V.</span> <span class='ocrx_word' id='word_1_84' title='bbox 976 1388 1012 1449; x_wconf 87' lang='lat' dir='ltr'>C.</span> <span class='ocrx_word' id='word_1_85' title='bbox 1022 1387 1190 1455; x_wconf 85' lang='lat' dir='ltr'>Bernhardi</span> <span class='ocrx_word' id='word_1_86' title='bbox 1200 1389 1239 1451; x_wconf 87' lang='lat' dir='ltr'>da</span> 
     </span>
     <span class='ocr_line' id='line_1_11' title="bbox 148 1483 1239 1567; baseline 0.001 -18"><span class='ocrx_word' id='word_1_87' title='bbox 148 1487 345 1549; x_wconf 86' lang='lat' dir='ltr'>Montiauoon</span> <span class='ocrx_word' id='word_1_88' title='bbox 364 1488 499 1551; x_wconf 79' lang='lat' dir='ltr'>Disrlum</span> <span class='ocrx_word' id='word_1_89' title='bbox 516 1488 653 1550; x_wconf 82' lang='lat' dir='ltr'>italicum</span> <span class='ocrx_word' id='word_1_90' title='bbox 664 1506 695 1567; x_wconf 89' lang='lat' dir='ltr'>p.</span> <span class='ocrx_word' id='word_1_91' title='bbox 713 1488 760 1548; x_wconf 84' lang='grc'>19.</span> <span class='ocrx_word' id='word_1_92' title='bbox 783 1495 815 1546; x_wconf 91' lang='lat' dir='ltr'>et</span> <span class='ocrx_word' id='word_1_93' title='bbox 828 1483 1085 1566; x_wconf 74' lang='lat' dir='ltr'>Palmogrspbiam</span> <span class='ocrx_word' id='word_1_94' title='bbox 1099 1485 1239 1550; x_wconf 69' lang='lat' dir='ltr'>oman</span> 
     </span>
     <span class='ocr_line' id='line_1_12' title="bbox 145 1580 1242 1669; baseline 0.003 -26"><span class='ocrx_word' id='word_1_95' title='bbox 145 1585 262 1663; x_wconf 71' lang='lat' dir='ltr'>p.138.</span> <span class='ocrx_word' id='word_1_96' title='bbox 276 1583 429 1646; x_wconf 84' lang='lat' dir='ltr'>ubibebes</span> <span class='ocrx_word' id='word_1_97' title='bbox 439 1603 543 1647; x_wconf 84' lang='lat' dir='ltr'>sersus</span> <span class='ocrx_word' id='word_1_98' title='bbox 553 1583 697 1669; x_wconf 77' lang='lat' dir='ltr'>quosdam</span> <span class='ocrx_word' id='word_1_99' title='bbox 706 1580 887 1663; x_wconf 84' lang='lat' dir='ltr'>metaphrasi</span> <span class='ocrx_word' id='word_1_100' title='bbox 902 1581 945 1641; x_wconf 91' lang='lat' dir='ltr'>illi</span> <span class='ocrx_word' id='word_1_101' title='bbox 958 1583 1138 1661; x_wconf 72' lang='lat' dir='ltr'>praemissos.</span> <span class='ocrx_word' id='word_1_102' title='bbox 1160 1585 1242 1646; x_wconf 84' lang='lat' dir='ltr'>Onu·</span> 
     </span>
     <span class='ocr_line' id='line_1_13' title="bbox 147 1676 1235 1762; baseline 0.004 -26"><span class='ocrx_word' id='word_1_103' title='bbox 147 1677 271 1739; x_wconf 81' lang='lat' dir='ltr'>ferenda</span> <span class='ocrx_word' id='word_1_104' title='bbox 290 1678 394 1741; x_wconf 87' lang='lat' dir='ltr'>itidem</span> <span class='ocrx_word' id='word_1_105' title='bbox 407 1680 539 1742; x_wconf 73' lang='lat' dir='ltr'>Historia</span> <span class='ocrx_word' id='word_1_106' title='bbox 551 1681 680 1762; x_wconf 75' lang='lat' dir='ltr'>Trojano</span> <span class='ocrx_word' id='word_1_107' title='bbox 703 1678 845 1758; x_wconf 83' lang='lat' dir='ltr'>scriptae</span> <span class='ocrx_word' id='word_1_108' title='bbox 858 1676 998 1737; x_wconf 83' lang='lat' dir='ltr'>Guldone</span> <span class='ocrx_word' id='word_1_109' title='bbox 1023 1677 1062 1738; x_wconf 87' lang='lat' dir='ltr'>de</span> <span class='ocrx_word' id='word_1_110' title='bbox 1076 1679 1235 1754; x_wconf 77' lang='lat' dir='ltr'>Columna,</span> 
     </span>
     <span class='ocr_line' id='line_1_14' title="bbox 147 1771 1241 1856; baseline 0.003 -23"><span class='ocrx_word' id='word_1_111' title='bbox 147 1773 350 1847; x_wconf 86' lang='lat' dir='ltr'>Messanensi,</span> <span class='ocrx_word' id='word_1_112' title='bbox 360 1793 390 1835; x_wconf 83' lang='lat' dir='ltr'>a.</span> <span class='ocrx_word' id='word_1_113' title='bbox 404 1775 545 1837; x_wconf 82' lang='lat' dir='ltr'>c.128⁷.</span> <span class='ocrx_word' id='word_1_114' title='bbox 560 1786 650 1856; x_wconf 81' lang='lat' dir='ltr'>atque</span> <span class='ocrx_word' id='word_1_115' title='bbox 664 1774 745 1834; x_wconf 85' lang='lat' dir='ltr'>edita</span> <span class='ocrx_word' id='word_1_116' title='bbox 755 1771 929 1851; x_wconf 75' lang='lat' dir='ltr'>ringentium</span> <span class='ocrx_word' id='word_1_117' title='bbox 942 1772 1030 1832; x_wconf 86' lang='grc'><strong>1486.</strong></span> <span class='ocrx_word' id='word_1_118' title='bbox 1046 1780 1076 1834; x_wconf 86' lang='lat' dir='ltr'>et</span> <span class='ocrx_word' id='word_1_119' title='bbox 1087 1774 1178 1835; x_wconf 84' lang='grc'><strong>1489.</strong></span> <span class='ocrx_word' id='word_1_120' title='bbox 1188 1774 1241 1836; x_wconf 82' lang='grc'><strong>101.</strong></span> 
     </span>
     <span class='ocr_line' id='line_1_15' title="bbox 149 1864 1244 1950; baseline 0.005 -23"><span class='ocrx_word' id='word_1_121' title='bbox 149 1864 282 1950; x_wconf 84' lang='lat' dir='ltr'>Utraque</span> <span class='ocrx_word' id='word_1_122' title='bbox 296 1868 388 1929; x_wconf 87' lang='lat' dir='ltr'>editio</span> <span class='ocrx_word' id='word_1_123' title='bbox 402 1869 441 1929; x_wconf 85' lang='lat' dir='ltr'>ad</span> <span class='ocrx_word' id='word_1_124' title='bbox 454 1889 561 1931; x_wconf 89' lang='lat' dir='ltr'>manus</span> <span class='ocrx_word' id='word_1_125' title='bbox 574 1868 646 1930; x_wconf 82' lang='lat' dir='ltr'>milri</span> <span class='ocrx_word' id='word_1_126' title='bbox 660 1876 717 1929; x_wconf 81' lang='lat' dir='ltr'>ert.</span> <span class='ocrx_word' id='word_1_127' title='bbox 746 1866 871 1947; x_wconf 85' lang='lat' dir='ltr'>Incipit:</span> <span class='ocrx_word' id='word_1_128' title='bbox 894 1872 904 1902; x_wconf 82' lang='lat'><em>‘</em></span> <span class='ocrx_word' id='word_1_129' title='bbox 919 1865 1002 1927; x_wconf 84' lang='lat' dir='ltr'>Licet</span> <span class='ocrx_word' id='word_1_130' title='bbox 1014 1867 1123 1929; x_wconf 81' lang='lat' dir='ltr'>cotidie</span> <span class='ocrx_word' id='word_1_131' title='bbox 1142 1880 1244 1932; x_wconf 81' lang='lat' dir='ltr'>vetera</span> 
     </span>
     <span class='ocr_line' id='line_1_16' title="bbox 150 1960 1243 2044; baseline 0.003 -19"><span class='ocrx_word' id='word_1_132' title='bbox 150 1966 319 2026; x_wconf 79' lang='lat' dir='ltr'>recentibus</span> <span class='ocrx_word' id='word_1_133' title='bbox 332 1964 515 2025; x_wconf 69' lang='lat' dir='ltr'>obruantur!</span> <span class='ocrx_word' id='word_1_134' title='bbox 555 1963 589 2023; x_wconf 94' lang='lat' dir='ltr'>ln</span> <span class='ocrx_word' id='word_1_135' title='bbox 612 1963 675 2043; x_wconf 87' lang='lat' dir='ltr'>ejus</span> <span class='ocrx_word' id='word_1_136' title='bbox 696 1960 822 2044; x_wconf 77' lang='lat' dir='ltr'>prologo</span> <span class='ocrx_word' id='word_1_137' title='bbox 845 1961 912 2021; x_wconf 82' lang='lat' dir='ltr'>haec</span> <span class='ocrx_word' id='word_1_138' title='bbox 933 1963 1024 2022; x_wconf 80' lang='lat' dir='ltr'>verba</span> <span class='ocrx_word' id='word_1_139' title='bbox 1037 1963 1187 2044; x_wconf 73' lang='lat' dir='ltr'>leguntur,</span> <span class='ocrx_word' id='word_1_140' title='bbox 1211 1967 1243 2027; x_wconf 87' lang='lat' dir='ltr'>in</span> 
     </span>
     <span class='ocr_line' id='line_1_17' title="bbox 149 2056 1242 2141; baseline 0.005 -22"><span class='ocrx_word' id='word_1_141' title='bbox 149 2060 257 2139; x_wconf 91' lang='lat' dir='ltr'>quibus</span> <span class='ocrx_word' id='word_1_142' title='bbox 280 2058 403 2122; x_wconf 74' lang='lat' dir='ltr'>munus</span> <span class='ocrx_word' id='word_1_143' title='bbox 417 2059 542 2141; x_wconf 77' lang='lat' dir='ltr'>Dictyos</span> <span class='ocrx_word' id='word_1_144' title='bbox 555 2060 700 2139; x_wconf 81' lang='lat' dir='ltr'>interpres</span> <span class='ocrx_word' id='word_1_145' title='bbox 714 2057 807 2117; x_wconf 87' lang='lat' dir='ltr'>multa</span> <span class='ocrx_word' id='word_1_146' title='bbox 821 2056 920 2118; x_wconf 82' lang='lat' dir='ltr'>Groeci</span> <span class='ocrx_word' id='word_1_147' title='bbox 930 2058 1071 2120; x_wconf 81' lang='lat' dir='ltr'>omiriase</span> <span class='ocrx_word' id='word_1_148' title='bbox 1088 2061 1242 2141; x_wconf 69' lang='lat' dir='ltr'>arguitur:</span> 
     </span>
     <span class='ocr_line' id='line_1_18' title="bbox 149 2150 1244 2239; baseline 0.004 -25"><span class='ocrx_word' id='word_1_149' title='bbox 149 2161 158 2190; x_wconf 81' lang='lat'>⁴</span> <span class='ocrx_word' id='word_1_150' title='bbox 174 2150 219 2215; x_wconf 75' lang='lat' dir='ltr'>lia</span> <span class='ocrx_word' id='word_1_151' title='bbox 231 2174 299 2235; x_wconf 78' lang='lat' dir='ltr'>qum</span> <span class='ocrx_word' id='word_1_152' title='bbox 314 2174 366 2235; x_wconf 85' lang='lat' dir='ltr'>per</span> <span class='ocrx_word' id='word_1_153' title='bbox 376 2154 475 2217; x_wconf 90' lang='lat' dir='ltr'>Ditem</span> <span class='ocrx_word' id='word_1_154' title='bbox 489 2154 568 2239; x_wconf 73' lang='lat' dir='ltr'>(lege</span> <span class='ocrx_word' id='word_1_155' title='bbox 580 2155 714 2234; x_wconf 76' lang='lat' dir='ltr'>Dictys)</span> <span class='ocrx_word' id='word_1_156' title='bbox 728 2153 867 2214; x_wconf 67' lang='lat' dir='ltr'>Graecum</span> <span class='ocrx_word' id='word_1_157' title='bbox 878 2162 910 2213; x_wconf 91' lang='lat' dir='ltr'>et</span> <span class='ocrx_word' id='word_1_158' title='bbox 922 2150 1082 2236; x_wconf 76' lang='lat' dir='ltr'>Phrygium</span> <span class='ocrx_word' id='word_1_159' title='bbox 1093 2156 1244 2231; x_wconf 82' lang='lat' dir='ltr'>Daretcm,</span> 
     </span>
     <span class='ocr_line' id='line_1_19' title="bbox 149 2248 1244 2347; baseline 0.005 -37"><span class='ocrx_word' id='word_1_160' title='bbox 149 2250 203 2347; x_wconf 74' lang='lat' dir='ltr'>qui</span> <span class='ocrx_word' id='word_1_161' title='bbox 215 2260 346 2333; x_wconf 90' lang='lat' dir='ltr'>tempore</span> <span class='ocrx_word' id='word_1_162' title='bbox 357 2249 476 2332; x_wconf 85' lang='lat' dir='ltr'>Trojaui</span> <span class='ocrx_word' id='word_1_163' title='bbox 490 2248 566 2313; x_wconf 88' lang='lat' dir='ltr'>Belli</span> <span class='ocrx_word' id='word_1_164' title='bbox 575 2250 715 2313; x_wconf 87' lang='lat' dir='ltr'>continue</span> <span class='ocrx_word' id='word_1_165' title='bbox 725 2250 756 2310; x_wconf 91' lang='lat' dir='ltr'>iu</span> <span class='ocrx_word' id='word_1_166' title='bbox 766 2268 867 2311; x_wconf 87' lang='lat' dir='ltr'>eorum</span> <span class='ocrx_word' id='word_1_167' title='bbox 878 2250 1056 2313; x_wconf 76' lang='lat' dir='ltr'>exercitibus</span> <span class='ocrx_word' id='word_1_168' title='bbox 1071 2254 1153 2314; x_wconf 85' lang='lat' dir='ltr'>luere</span> <span class='ocrx_word' id='word_1_169' title='bbox 1166 2251 1244 2337; x_wconf 80' lang='lat' dir='ltr'>pres·</span> 
     </span>
     <span class='ocr_line' id='line_1_20' title="bbox 150 2345 1245 2428; baseline 0.001 -19"><span class='ocrx_word' id='word_1_170' title='bbox 150 2357 262 2420; x_wconf 80' lang='lat' dir='ltr'>sentes,</span> <span class='ocrx_word' id='word_1_171' title='bbox 285 2349 444 2420; x_wconf 89' lang='lat' dir='ltr'>ethorum,</span> <span class='ocrx_word' id='word_1_172' title='bbox 467 2368 535 2428; x_wconf 76' lang='lat' dir='ltr'>qum</span> <span class='ocrx_word' id='word_1_173' title='bbox 549 2347 696 2418; x_wconf 80' lang='lat' dir='ltr'>uiderunt,</span> <span class='ocrx_word' id='word_1_174' title='bbox 710 2354 782 2407; x_wconf 90' lang='lat' dir='ltr'>sunt</span> <span class='ocrx_word' id='word_1_175' title='bbox 803 2345 966 2407; x_wconf 84' lang='lat' dir='ltr'>fidelissimi</span> <span class='ocrx_word' id='word_1_176' title='bbox 989 2347 1142 2423; x_wconf 79' lang='lat' dir='ltr'>relatores,</span> <span class='ocrx_word' id='word_1_177' title='bbox 1167 2359 1199 2411; x_wconf 91' lang='lat' dir='ltr'>et</span> <span class='ocrx_word' id='word_1_178' title='bbox 1214 2351 1245 2410; x_wconf 90' lang='lat' dir='ltr'>iu</span> 
     </span>
     <span class='ocr_line' id='line_1_21' title="bbox 148 2438 1245 2525; baseline 0.004 -20"><span class='ocrx_word' id='word_1_179' title='bbox 148 2455 326 2525; x_wconf 73' lang='lat' dir='ltr'>presentem</span> <span class='ocrx_word' id='word_1_180' title='bbox 339 2440 469 2504; x_wconf 88' lang='lat' dir='ltr'>libellum</span> <span class='ocrx_word' id='word_1_181' title='bbox 484 2464 535 2525; x_wconf 87' lang='lat' dir='ltr'>per</span> <span class='ocrx_word' id='word_1_182' title='bbox 549 2464 596 2505; x_wconf 90' lang='lat' dir='ltr'>me</span> <span class='ocrx_word' id='word_1_183' title='bbox 611 2443 743 2524; x_wconf 87' lang='lat' dir='ltr'>judicem</span> <span class='ocrx_word' id='word_1_184' title='bbox 764 2440 934 2504; x_wconf 87' lang='lat' dir='ltr'>Gnidonem</span> <span class='ocrx_word' id='word_1_185' title='bbox 948 2441 986 2505; x_wconf 83' lang='lat' dir='ltr'>rle</span> <span class='ocrx_word' id='word_1_186' title='bbox 998 2444 1147 2506; x_wconf 76' lang='lat' dir='ltr'>Columna</span> <span class='ocrx_word' id='word_1_187' title='bbox 1162 2438 1245 2509; x_wconf 81' lang='lat' dir='ltr'>Mes-</span> 
     </span>
     <span class='ocr_line' id='line_1_22' title="bbox 151 2534 1306 2624; baseline 0.003 -23"><span class='ocrx_word' id='word_1_188' title='bbox 151 2560 225 2601; x_wconf 84' lang='lat' dir='ltr'>sene</span> <span class='ocrx_word' id='word_1_189' title='bbox 237 2548 403 2601; x_wconf 87' lang='lat' dir='ltr'>transumte</span> <span class='ocrx_word' id='word_1_190' title='bbox 416 2539 563 2620; x_wconf 82' lang='lat' dir='ltr'>legentur,</span> <span class='ocrx_word' id='word_1_191' title='bbox 578 2550 666 2621; x_wconf 87' lang='lat' dir='ltr'>prout</span> <span class='ocrx_word' id='word_1_192' title='bbox 686 2540 716 2599; x_wconf 88' lang='lat' dir='ltr'>iu</span> <span class='ocrx_word' id='word_1_193' title='bbox 731 2536 848 2600; x_wconf 92' lang='lat' dir='ltr'>duobus</span> <span class='ocrx_word' id='word_1_194' title='bbox 861 2534 943 2600; x_wconf 86' lang='lat' dir='ltr'>libris</span> <span class='ocrx_word' id='word_1_195' title='bbox 956 2556 1057 2602; x_wconf 89' lang='lat' dir='ltr'>eorum</span> <span class='ocrx_word' id='word_1_196' title='bbox 1072 2542 1245 2624; x_wconf 82' lang='lat' dir='ltr'>inscriptum</span> <span class='ocrx_word' id='word_1_197' title='bbox 1294 2554 1306 2570; x_wconf 90' lang='lat'><strong>·</strong></span> 
     </span>
    </p>
   </div>
   <div class='ocr_carea' id='block_1_3' title="bbox 151 2632 1385 2719">
    <p class='ocr_par' dir='ltr' id='par_1_3' title="bbox 151 2632 1385 2719">
     <span class='ocr_line' id='line_1_23' title="bbox 151 2632 1385 2719; baseline 0.002 -23"><span class='ocrx_word' id='word_1_198' title='bbox 151 2637 310 2716; x_wconf 85' lang='lat' dir='ltr'>quaaiuna</span> <span class='ocrx_word' id='word_1_199' title='bbox 324 2636 406 2697; x_wconf 80' lang='lat' dir='ltr'>vocis</span> <span class='ocrx_word' id='word_1_200' title='bbox 427 2636 625 2698; x_wconf 86' lang='lat' dir='ltr'>consonantia</span> <span class='ocrx_word' id='word_1_201' title='bbox 647 2636 800 2697; x_wconf 82' lang='lat' dir='ltr'>inventurn</span> <span class='ocrx_word' id='word_1_202' title='bbox 825 2645 870 2696; x_wconf 91' lang='lat' dir='ltr'>est</span> <span class='ocrx_word' id='word_1_203' title='bbox 886 2632 1023 2697; x_wconf 75' lang='lat' dir='ltr'>Athenis.</span> <span class='ocrx_word' id='word_1_204' title='bbox 1066 2634 1247 2718; x_wconf 81' lang='lat' dir='ltr'>Quanquam</span> <span class='ocrx_word' id='word_1_205' title='bbox 1376 2704 1385 2719; x_wconf 54' lang='grc'>,</span> 
     </span>
    </p>
   </div>
   <div class='ocr_carea' id='block_1_4' title="bbox 150 2724 1247 2909">
    <p class='ocr_par' dir='ltr' id='par_1_4' title="bbox 150 2724 1247 2909">
     <span class='ocr_line' id='line_1_24' title="bbox 151 2724 1246 2813; baseline 0.004 -22"><span class='ocrx_word' id='word_1_206' title='bbox 151 2741 250 2793; x_wconf 86' lang='lat' dir='ltr'>antem</span> <span class='ocrx_word' id='word_1_207' title='bbox 270 2730 327 2793; x_wconf 88' lang='lat' dir='ltr'>hos</span> <span class='ocrx_word' id='word_1_208' title='bbox 347 2730 463 2793; x_wconf 83' lang='lat' dir='ltr'>libellos</span> <span class='ocrx_word' id='word_1_209' title='bbox 476 2733 598 2813; x_wconf 86' lang='lat' dir='ltr'>quidam</span> <span class='ocrx_word' id='word_1_210' title='bbox 614 2733 779 2805; x_wconf 84' lang='lat' dir='ltr'>Romanus,</span> <span class='ocrx_word' id='word_1_211' title='bbox 795 2726 952 2792; x_wconf 78' lang='lat' dir='ltr'>Cornelius</span> <span class='ocrx_word' id='word_1_212' title='bbox 966 2732 1097 2807; x_wconf 85' lang='lat' dir='ltr'>nomine,</span> <span class='ocrx_word' id='word_1_213' title='bbox 1112 2724 1246 2795; x_wconf 76' lang='lat' dir='ltr'>Sallustii</span> 
     </span>
     <span class='ocr_line' id='line_1_25' title="bbox 150 2822 1247 2909; baseline 0.004 -21"><span class='ocrx_word' id='word_1_214' title='bbox 150 2829 251 2909; x_wconf 77' lang='lat' dir='ltr'>magni</span> <span class='ocrx_word' id='word_1_215' title='bbox 265 2847 370 2908; x_wconf 86' lang='lat' dir='ltr'>nepos,</span> <span class='ocrx_word' id='word_1_216' title='bbox 383 2828 412 2888; x_wconf 93' lang='lat' dir='ltr'>iu</span> <span class='ocrx_word' id='word_1_217' title='bbox 427 2828 564 2891; x_wconf 77' lang='lat' dir='ltr'>Latinum</span> <span class='ocrx_word' id='word_1_218' title='bbox 579 2822 738 2890; x_wconf 72' lang='lat' dir='ltr'>transferre</span> <span class='ocrx_word' id='word_1_219' title='bbox 751 2827 906 2899; x_wconf 87' lang='lat' dir='ltr'>curaverit,</span> <span class='ocrx_word' id='word_1_220' title='bbox 928 2837 1028 2888; x_wconf 89' lang='lat' dir='ltr'>tamen</span> <span class='ocrx_word' id='word_1_221' title='bbox 1043 2828 1115 2890; x_wconf 89' lang='lat' dir='ltr'>dum</span> <span class='ocrx_word' id='word_1_222' title='bbox 1129 2826 1247 2893; x_wconf 83' lang='lat' dir='ltr'>lubora-</span> 
     </span>
    </p>
   </div>
   <div class='ocr_carea' id='block_1_5' title="bbox 12 2921 1247 3009">
    <p class='ocr_par' dir='ltr' id='par_1_5' title="bbox 12 2921 1247 3009">
     <span class='ocr_line' id='line_1_26' title="bbox 12 2921 1247 3009; baseline 0.006 -27"><span class='ocrx_word' id='word_1_223' title='bbox 12 2950 16 2982; x_wconf 69' lang='lat' dir='ltr'>r</span> <span class='ocrx_word' id='word_1_224' title='bbox 149 2932 195 2986; x_wconf 84' lang='lat' dir='ltr'>ret</span> <span class='ocrx_word' id='word_1_225' title='bbox 207 2925 329 2986; x_wconf 80' lang='lat' dir='ltr'>nimiam</span> <span class='ocrx_word' id='word_1_226' title='bbox 350 2926 448 2985; x_wconf 80' lang='lat' dir='ltr'>brouls</span> <span class='ocrx_word' id='word_1_227' title='bbox 466 2940 543 2996; x_wconf 83' lang='lat' dir='ltr'>esre,</span> <span class='ocrx_word' id='word_1_228' title='bbox 565 2922 756 3002; x_wconf 56' lang='lat' dir='ltr'>piacularia</span> <span class='ocrx_word' id='word_1_229' title='bbox 777 2921 910 2981; x_wconf 82' lang='lat' dir='ltr'>birtorirs</span> <span class='ocrx_word' id='word_1_230' title='bbox 934 2922 1039 3002; x_wconf 86' lang='lat' dir='ltr'>ipsius,</span> <span class='ocrx_word' id='word_1_231' title='bbox 1060 2942 1129 3005; x_wconf 69' lang='lat' dir='ltr'>qam</span> <span class='ocrx_word' id='word_1_232' title='bbox 1151 2929 1247 3009; x_wconf 72' lang='lat' dir='ltr'>magis</span> 
     </span>
    </p>
   </div>
   <div class='ocr_carea' id='block_1_6' title="bbox 149 3010 1246 3196">
    <p class='ocr_par' dir='ltr' id='par_1_6' title="bbox 149 3010 1246 3196">
     <span class='ocr_line' id='line_1_27' title="bbox 149 3010 1246 3101; baseline -0.01 -19"><span class='ocrx_word' id='word_1_233' title='bbox 149 3030 277 3101; x_wconf 86' lang='lat' dir='ltr'>possunt</span> <span class='ocrx_word' id='word_1_234' title='bbox 289 3018 407 3081; x_wconf 83' lang='lat' dir='ltr'>allicere</span> <span class='ocrx_word' id='word_1_235' title='bbox 421 3010 538 3081; x_wconf 84' lang='lat' dir='ltr'>animos</span> <span class='ocrx_word' id='word_1_236' title='bbox 553 3015 733 3086; x_wconf 85' lang='lat' dir='ltr'>auditorum,</span> <span class='ocrx_word' id='word_1_237' title='bbox 761 3015 931 3094; x_wconf 78' lang='lat' dir='ltr'>praenimia</span> <span class='ocrx_word' id='word_1_238' title='bbox 940 3016 1085 3080; x_wconf 67' lang='lat' dir='ltr'>brevitet·</span> <span class='ocrx_word' id='word_1_239' title='bbox 1106 3020 1246 3083; x_wconf 57' lang='lat' dir='ltr'>iudanon.</span> 
     </span>
     <span class='ocr_line' id='line_1_28' title="bbox 152 3108 1246 3196; baseline 0.003 -21"><span class='ocrx_word' id='word_1_240' title='bbox 152 3126 196 3175; x_wconf 88' lang='lat' dir='ltr'>ter</span> <span class='ocrx_word' id='word_1_241' title='bbox 209 3115 318 3175; x_wconf 81' lang='lat' dir='ltr'>omisit.</span> <span class='ocrx_word' id='word_1_242' title='bbox 359 3113 395 3173; x_wconf 90' lang='lat' dir='ltr'>ln</span> <span class='ocrx_word' id='word_1_243' title='bbox 408 3114 465 3177; x_wconf 81' lang='lat' dir='ltr'>bro</span> <span class='ocrx_word' id='word_1_244' title='bbox 479 3114 570 3196; x_wconf 68' lang='lat' dir='ltr'>igitur</span> <span class='ocrx_word' id='word_1_245' title='bbox 589 3114 664 3177; x_wconf 78' lang='lat' dir='ltr'>serie</span> <span class='ocrx_word' id='word_1_246' title='bbox 681 3108 775 3173; x_wconf 78' lang='lat' dir='ltr'>libelli</span> <span class='ocrx_word' id='word_1_247' title='bbox 788 3112 884 3173; x_wconf 85' lang='lat' dir='ltr'>lotum</span> <span class='ocrx_word' id='word_1_248' title='bbox 898 3110 1046 3174; x_wconf 79' lang='lat' dir='ltr'>inuenitur</span> <span class='ocrx_word' id='word_1_249' title='bbox 1060 3110 1246 3196; x_wconf 72' lang='lat' dir='ltr'>inscriptura,</span> 
     </span>
    </p>
   </div>
   <div class='ocr_carea' id='block_1_7' title="bbox 14 3208 1249 3676">
    <p class='ocr_par' dir='ltr' id='par_1_7' title="bbox 14 3208 1249 3676">
     <span class='ocr_line' id='line_1_29' title="bbox 14 3208 1249 3293; baseline 0.002 -21"><span class='ocrx_word' id='word_1_250' title='bbox 14 3256 17 3287; x_wconf 49' lang='grc' dir='ltr'>ι</span> <span class='ocrx_word' id='word_1_251' title='bbox 152 3209 287 3293; x_wconf 76' lang='lat' dir='ltr'>quotide</span> <span class='ocrx_word' id='word_1_252' title='bbox 304 3218 369 3270; x_wconf 89' lang='lat' dir='ltr'>tota</span> <span class='ocrx_word' id='word_1_253' title='bbox 381 3208 506 3271; x_wconf 83' lang='lat' dir='ltr'>historie</span> <span class='ocrx_word' id='word_1_254' title='bbox 527 3210 731 3276; x_wconf 85' lang='lat' dir='ltr'>universaliter</span> <span class='ocrx_word' id='word_1_255' title='bbox 751 3218 783 3271; x_wconf 88' lang='lat' dir='ltr'>et</span> <span class='ocrx_word' id='word_1_256' title='bbox 803 3208 1023 3290; x_wconf 82' lang='lat' dir='ltr'>particulariter</span> <span class='ocrx_word' id='word_1_257' title='bbox 1036 3220 1155 3292; x_wconf 68' lang='lat' dir='ltr'>gestum</span> <span class='ocrx_word' id='word_1_258' title='bbox 1172 3212 1249 3274; x_wconf 67' lang='lat' dir='ltr'>fuit!</span> 
     </span>
     <span class='ocr_line' id='line_1_30' title="bbox 15 3304 1248 3391; baseline 0.004 -25"><span class='ocrx_word' id='word_1_259' title='bbox 15 3308 17 3391; x_wconf 57' lang='lat' dir='ltr'>i</span> <span class='ocrx_word' id='word_1_260' title='bbox 152 3305 236 3367; x_wconf 91' lang='lat' dir='ltr'>ldem</span> <span class='ocrx_word' id='word_1_261' title='bbox 258 3305 384 3385; x_wconf 90' lang='lat' dir='ltr'>scriptor</span> <span class='ocrx_word' id='word_1_262' title='bbox 407 3304 447 3366; x_wconf 86' lang='lat' dir='ltr'>ad</span> <span class='ocrx_word' id='word_1_263' title='bbox 469 3305 583 3366; x_wconf 87' lang='lat' dir='ltr'>calcem</span> <span class='ocrx_word' id='word_1_264' title='bbox 606 3308 723 3387; x_wconf 81' lang='lat' dir='ltr'>operis:</span> <span class='ocrx_word' id='word_1_265' title='bbox 746 3315 756 3344; x_wconf 79' lang='lat'>⁸</span> <span class='ocrx_word' id='word_1_266' title='bbox 771 3309 812 3368; x_wconf 89' lang='lat' dir='ltr'>Et</span> <span class='ocrx_word' id='word_1_267' title='bbox 832 3325 890 3388; x_wconf 77' lang='lat' dir='ltr'>ego</span> <span class='ocrx_word' id='word_1_268' title='bbox 912 3305 1013 3369; x_wconf 87' lang='lat' dir='ltr'>Guido</span> <span class='ocrx_word' id='word_1_269' title='bbox 1038 3307 1077 3370; x_wconf 88' lang='lat' dir='ltr'>de</span> <span class='ocrx_word' id='word_1_270' title='bbox 1100 3307 1248 3371; x_wconf 82' lang='lat' dir='ltr'>Oolumrra</span> 
     </span>
     <span class='ocr_line' id='line_1_31' title="bbox 16 3396 1247 3484; baseline 0.002 -19"><span class='ocrx_word' id='word_1_271' title='bbox 16 3396 18 3479; x_wconf 59' lang='grc' dir='ltr'>ζ</span> <span class='ocrx_word' id='word_1_272' title='bbox 147 3402 242 3483; x_wconf 83' lang='lat' dir='ltr'>judex</span> <span class='ocrx_word' id='word_1_273' title='bbox 256 3400 295 3465; x_wconf 78' lang='lat' dir='ltr'>sle</span> <span class='ocrx_word' id='word_1_274' title='bbox 309 3400 454 3463; x_wconf 80' lang='lat' dir='ltr'>Messana</span> <span class='ocrx_word' id='word_1_275' title='bbox 466 3400 642 3481; x_wconf 81' lang='lat' dir='ltr'>preadictum</span> <span class='ocrx_word' id='word_1_276' title='bbox 652 3402 753 3465; x_wconf 86' lang='lat' dir='ltr'>Ditem</span> <span class='ocrx_word' id='word_1_277' title='bbox 762 3403 901 3484; x_wconf 76' lang='lat' dir='ltr'>(Dictyn)</span> <span class='ocrx_word' id='word_1_278' title='bbox 912 3403 1247 3468; x_wconf 68' lang='lat' dir='ltr'>Grmeuminomrlbua</span> 
     </span>
     <span class='ocr_line' id='line_1_32' title="bbox 17 3496 1248 3582; baseline 0.004 -21"><span class='ocrx_word' id='word_1_279' title='bbox 17 3520 18 3531; x_wconf 56' lang='lat'>¹</span> <span class='ocrx_word' id='word_1_280' title='bbox 153 3518 219 3561; x_wconf 90' lang='lat' dir='ltr'>sum</span> <span class='ocrx_word' id='word_1_281' title='bbox 233 3507 365 3574; x_wconf 81' lang='lat' dir='ltr'>secutm,</span> <span class='ocrx_word' id='word_1_282' title='bbox 379 3517 433 3579; x_wconf 86' lang='lat' dir='ltr'>pro</span> <span class='ocrx_word' id='word_1_283' title='bbox 446 3496 577 3579; x_wconf 81' lang='lat' dir='ltr'>eoquod</span> <span class='ocrx_word' id='word_1_284' title='bbox 591 3499 656 3578; x_wconf 85' lang='lat' dir='ltr'>ipre</span> <span class='ocrx_word' id='word_1_285' title='bbox 669 3497 754 3563; x_wconf 84' lang='lat' dir='ltr'>Dites</span> <span class='ocrx_word' id='word_1_286' title='bbox 773 3501 908 3582; x_wconf 76' lang='lat' dir='ltr'>(Dictys)</span> <span class='ocrx_word' id='word_1_287' title='bbox 929 3503 1093 3581; x_wconf 81' lang='lat' dir='ltr'>perlectum</span> <span class='ocrx_word' id='word_1_288' title='bbox 1114 3514 1146 3565; x_wconf 86' lang='lat' dir='ltr'>et</span> <span class='ocrx_word' id='word_1_289' title='bbox 1166 3520 1248 3567; x_wconf 86' lang='lat' dir='ltr'>eom·</span> 
     </span>
     <span class='ocr_line' id='line_1_33' title="bbox 17 3586 1247 3676; baseline 0.007 -21"><span class='ocrx_word' id='word_1_290' title='bbox 17 3586 19 3669; x_wconf 51' lang='grc' dir='ltr'>ζ</span> <span class='ocrx_word' id='word_1_291' title='bbox 151 3595 266 3675; x_wconf 88' lang='lat' dir='ltr'>pletum</span> <span class='ocrx_word' id='word_1_292' title='bbox 275 3595 346 3657; x_wconf 88' lang='lat' dir='ltr'>lecit</span> <span class='ocrx_word' id='word_1_293' title='bbox 355 3596 386 3657; x_wconf 89' lang='lat' dir='ltr'>in</span> <span class='ocrx_word' id='word_1_294' title='bbox 395 3596 532 3665; x_wconf 81' lang='lat' dir='ltr'>omnibus</span> <span class='ocrx_word' id='word_1_295' title='bbox 542 3613 618 3676; x_wconf 88' lang='lat' dir='ltr'>opus</span> <span class='ocrx_word' id='word_1_296' title='bbox 628 3595 938 3669; x_wconf 81' lang='lat' dir='ltr'>suam,adliterarum</span> <span class='ocrx_word' id='word_1_297' title='bbox 950 3597 1090 3663; x_wconf 80' lang='lat' dir='ltr'>videlicet</span> <span class='ocrx_word' id='word_1_298' title='bbox 1099 3600 1247 3675; x_wconf 77' lang='lat' dir='ltr'>solatium,</span> 
     </span>
    </p>
   </div>
   <div class='ocr_carea' id='block_1_8' title="bbox 18 3691 1355 3778">
    <p class='ocr_par' dir='ltr' id='par_1_8' title="bbox 18 3691 1355 3778">
     <span class='ocr_line' id='line_1_34' title="bbox 18 3691 1355 3778; baseline 0.007 -28"><span class='ocrx_word' id='word_1_299' title='bbox 18 3708 19 3729; x_wconf 60' lang='lat'>¹</span> <span class='ocrx_word' id='word_1_300' title='bbox 152 3699 300 3754; x_wconf 83' lang='lat' dir='ltr'>utreram</span> <span class='ocrx_word' id='word_1_301' title='bbox 312 3691 449 3754; x_wconf 88' lang='lat' dir='ltr'>notitiam</span> <span class='ocrx_word' id='word_1_302' title='bbox 461 3691 593 3754; x_wconf 79' lang='lat' dir='ltr'>babeant</span> <span class='ocrx_word' id='word_1_303' title='bbox 605 3693 759 3773; x_wconf 81' lang='lat' dir='ltr'>praesentis</span> <span class='ocrx_word' id='word_1_304' title='bbox 779 3692 924 3767; x_wconf 76' lang='lat' dir='ltr'>historia,</span> <span class='ocrx_word' id='word_1_305' title='bbox 947 3703 979 3755; x_wconf 85' lang='lat' dir='ltr'>et</span> <span class='ocrx_word' id='word_1_306' title='bbox 990 3706 1025 3757; x_wconf 92' lang='lat' dir='ltr'>ut</span> <span class='ocrx_word' id='word_1_307' title='bbox 1037 3697 1134 3778; x_wconf 68' lang='lat' dir='ltr'>magis</span> <span class='ocrx_word' id='word_1_308' title='bbox 1147 3695 1248 3759; x_wconf 79' lang='lat' dir='ltr'>deleo·</span> <span class='ocrx_word' id='word_1_309' title='bbox 1350 3730 1355 3741; x_wconf 39' lang='grc' dir='ltr'><em>κ</em></span> 
     </span>
    </p>
   </div>
   <div class='ocr_carea' id='block_1_9' title="bbox 19 3782 1247 3873">
    <p class='ocr_par' dir='ltr' id='par_1_9' title="bbox 19 3782 1247 3873">
     <span class='ocr_line' id='line_1_35' title="bbox 19 3782 1247 3873; baseline 0.003 -26"><span class='ocrx_word' id='word_1_310' title='bbox 19 3782 20 3789; x_wconf 61' lang='lat'><em>&#39;</em></span> <span class='ocrx_word' id='word_1_311' title='bbox 153 3796 254 3848; x_wconf 88' lang='lat' dir='ltr'>tentur</span> <span class='ocrx_word' id='word_1_312' title='bbox 266 3788 296 3847; x_wconf 93' lang='lat' dir='ltr'>in</span> <span class='ocrx_word' id='word_1_313' title='bbox 310 3788 385 3867; x_wconf 85' lang='lat' dir='ltr'>ipsa·</span> <span class='ocrx_word' id='word_1_314' title='bbox 427 3788 467 3849; x_wconf 85' lang='lat' dir='ltr'>Et</span> <span class='ocrx_word' id='word_1_315' title='bbox 485 3808 542 3869; x_wconf 78' lang='lat' dir='ltr'>ego</span> <span class='ocrx_word' id='word_1_316' title='bbox 554 3787 707 3851; x_wconf 83' lang='lat' dir='ltr'>historiam</span> <span class='ocrx_word' id='word_1_317' title='bbox 722 3791 818 3873; x_wconf 83' lang='lat' dir='ltr'>ipsam</span> <span class='ocrx_word' id='word_1_318' title='bbox 832 3807 985 3853; x_wconf 87' lang='lat' dir='ltr'>ornassem</span> <span class='ocrx_word' id='word_1_319' title='bbox 999 3792 1159 3854; x_wconf 79' lang='lat' dir='ltr'>dictamine</span> <span class='ocrx_word' id='word_1_320' title='bbox 1179 3791 1247 3872; x_wconf 87' lang='lat' dir='ltr'>pul·</span> 
     </span>
    </p>
   </div>
   <div class='ocr_carea' id='block_1_10' title="bbox 153 3881 1248 4262">
    <p class='ocr_par' dir='ltr' id='par_1_10' title="bbox 153 3881 1248 4262">
     <span class='ocr_line' id='line_1_36' title="bbox 154 3881 1246 3972; baseline 0.011 -31"><span class='ocrx_word' id='word_1_321' title='bbox 154 3881 261 3942; x_wconf 84' lang='lat' dir='ltr'>ebriari</span> <span class='ocrx_word' id='word_1_322' title='bbox 274 3902 328 3964; x_wconf 88' lang='lat' dir='ltr'>per</span> <span class='ocrx_word' id='word_1_323' title='bbox 342 3883 500 3964; x_wconf 85' lang='lat' dir='ltr'>ampliorer</span> <span class='ocrx_word' id='word_1_324' title='bbox 511 3884 699 3969; x_wconf 84' lang='lat' dir='ltr'>metaphoras</span> <span class='ocrx_word' id='word_1_325' title='bbox 714 3894 745 3949; x_wconf 90' lang='lat' dir='ltr'>et</span> <span class='ocrx_word' id='word_1_326' title='bbox 757 3885 883 3960; x_wconf 86' lang='lat' dir='ltr'>colores,</span> <span class='ocrx_word' id='word_1_327' title='bbox 893 3898 924 3949; x_wconf 87' lang='lat' dir='ltr'>et</span> <span class='ocrx_word' id='word_1_328' title='bbox 932 3908 987 3970; x_wconf 84' lang='lat' dir='ltr'>per</span> <span class='ocrx_word' id='word_1_329' title='bbox 995 3888 1246 3972; x_wconf 70' lang='lat' dir='ltr'>transgressiones</span> 
     </span>
     <span class='ocr_line' id='line_1_37' title="bbox 153 3980 1248 4067; baseline 0.006 -27"><span class='ocrx_word' id='word_1_330' title='bbox 153 3989 353 4054; x_wconf 87' lang='lat' dir='ltr'>occurrentes,</span> <span class='ocrx_word' id='word_1_331' title='bbox 371 4000 441 4060; x_wconf 75' lang='lat' dir='ltr'>qua</span> <span class='ocrx_word' id='word_1_332' title='bbox 453 3980 547 4062; x_wconf 85' lang='lat' dir='ltr'>iprius</span> <span class='ocrx_word' id='word_1_333' title='bbox 562 3981 730 4047; x_wconf 87' lang='lat' dir='ltr'>dictaminis</span> <span class='ocrx_word' id='word_1_334' title='bbox 746 3994 817 4046; x_wconf 89' lang='lat' dir='ltr'>suut</span> <span class='ocrx_word' id='word_1_335' title='bbox 830 3985 964 4067; x_wconf 75' lang='lat' dir='ltr'>pictura.</span> <span class='ocrx_word' id='word_1_336' title='bbox 1006 3985 1068 4050; x_wconf 78' lang='lat' dir='ltr'>Sed</span> <span class='ocrx_word' id='word_1_337' title='bbox 1079 3985 1197 4049; x_wconf 84' lang='lat' dir='ltr'>territus</span> <span class='ocrx_word' id='word_1_338' title='bbox 1210 4005 1248 4047; x_wconf 81' lang='lat' dir='ltr'>ex</span> 
     </span>
     <span class='ocr_line' id='line_1_38' title="bbox 153 4066 1247 4157; baseline 0.01 -23"><span class='ocrx_word' id='word_1_339' title='bbox 153 4073 358 4155; x_wconf 78' lang='lat' dir='ltr'>magnitudine</span> <span class='ocrx_word' id='word_1_340' title='bbox 372 4078 490 4157; x_wconf 81' lang='lat' dir='ltr'>operia‚’</span> <span class='ocrx_word' id='word_1_341' title='bbox 506 4084 562 4141; x_wconf 79' lang='lat' dir='ltr'>&amp;c</span> <span class='ocrx_word' id='word_1_342' title='bbox 605 4076 674 4142; x_wconf 88' lang='lat' dir='ltr'>Non</span> <span class='ocrx_word' id='word_1_343' title='bbox 697 4066 854 4144; x_wconf 85' lang='lat' dir='ltr'>intermisit</span> <span class='ocrx_word' id='word_1_344' title='bbox 871 4092 968 4145; x_wconf 87' lang='lat' dir='ltr'>temen</span> <span class='ocrx_word' id='word_1_345' title='bbox 993 4082 1094 4145; x_wconf 86' lang='lat' dir='ltr'>Guido</span> <span class='ocrx_word' id='word_1_346' title='bbox 1116 4082 1196 4146; x_wconf 80' lang='lat' dir='ltr'>varia</span> <span class='ocrx_word' id='word_1_347' title='bbox 1209 4102 1247 4145; x_wconf 84' lang='lat' dir='ltr'>ex</span> 
     </span>
     <span class='ocr_line' id='line_1_39' title="bbox 154 4172 1246 4262; baseline 0.008 -30"><span class='ocrx_word' id='word_1_348' title='bbox 154 4190 210 4232; x_wconf 93' lang='lat' dir='ltr'>suo</span> <span class='ocrx_word' id='word_1_349' title='bbox 223 4172 387 4253; x_wconf 81' lang='lat' dir='ltr'>saeculique</span> <span class='ocrx_word' id='word_1_350' title='bbox 402 4174 447 4236; x_wconf 90' lang='lat' dir='ltr'>sui</span> <span class='ocrx_word' id='word_1_351' title='bbox 469 4175 590 4258; x_wconf 73' lang='lat' dir='ltr'>ingenio</span> <span class='ocrx_word' id='word_1_352' title='bbox 604 4186 744 4253; x_wconf 79' lang='lat' dir='ltr'>attexere,</span> <span class='ocrx_word' id='word_1_353' title='bbox 766 4190 801 4241; x_wconf 90' lang='lat' dir='ltr'>ut</span> <span class='ocrx_word' id='word_1_354' title='bbox 821 4178 923 4243; x_wconf 87' lang='lat' dir='ltr'>lectori</span> <span class='ocrx_word' id='word_1_355' title='bbox 943 4189 1057 4244; x_wconf 86' lang='lat' dir='ltr'>attento</span> <span class='ocrx_word' id='word_1_356' title='bbox 1080 4172 1169 4244; x_wconf 75' lang='lat' dir='ltr'>facile</span> <span class='ocrx_word' id='word_1_357' title='bbox 1191 4198 1246 4262; x_wconf 89' lang='lat' dir='ltr'>pa·</span> 
     </span>
    </p>
   </div>
   <div class='ocr_carea' id='block_1_11' title="bbox 153 4258 1247 4438">
    <p class='ocr_par' dir='ltr' id='par_1_11' title="bbox 153 4258 1247 4438">
     <span class='ocr_line' id='line_1_40' title="bbox 153 4258 1247 4343; baseline 0.008 -14"><span class='ocrx_word' id='word_1_358' title='bbox 153 4266 236 4329; x_wconf 86' lang='lat' dir='ltr'>tebit.</span> <span class='ocrx_word' id='word_1_359' title='bbox 278 4268 381 4331; x_wconf 83' lang='lat' dir='ltr'>italice</span> <span class='ocrx_word' id='word_1_360' title='bbox 404 4262 502 4335; x_wconf 88' lang='lat' dir='ltr'>lucem</span> <span class='ocrx_word' id='word_1_361' title='bbox 521 4270 595 4337; x_wconf 84' lang='lat' dir='ltr'>vidit</span> <span class='ocrx_word' id='word_1_362' title='bbox 618 4258 752 4338; x_wconf 71' lang='lat' dir='ltr'>teneda</span> <span class='ocrx_word' id='word_1_363' title='bbox 775 4276 863 4340; x_wconf 84' lang='grc'><strong>1481.</strong></span> <span class='ocrx_word' id='word_1_364' title='bbox 886 4274 939 4343; x_wconf 85' lang='lat' dir='ltr'>iol.</span> <span class='ocrx_word' id='word_1_365' title='bbox 980 4276 1168 4342; x_wconf 74' lang='lat' dir='ltr'>Germanice</span> <span class='ocrx_word' id='word_1_366' title='bbox 1182 4274 1247 4338; x_wconf 83' lang='lat' dir='ltr'>&#39;rer-</span> 
     </span>
     <span class='ocr_line' id='line_1_41' title="bbox 188 4362 1184 4438; baseline 0.01 -23"><span class='ocrx_word' id='word_1_367' title='bbox 188 4363 276 4429; x_wconf 70' lang='lat' dir='ltr'>Drtpa</span> <span class='ocrx_word' id='word_1_368' title='bbox 286 4373 310 4418; x_wconf 76' lang='lat' dir='ltr'>a</span> <span class='ocrx_word' id='word_1_369' title='bbox 325 4365 382 4419; x_wconf 72' lang='lat' dir='ltr'>Ver.</span> <span class='ocrx_word' id='word_1_370' title='bbox 396 4367 461 4420; x_wconf 77' lang='lat' dir='ltr'>clu.</span> <span class='ocrx_word' id='word_1_371' title='bbox 624 4368 692 4424; x_wconf 79' lang='lat' dir='ltr'>bue</span> <span class='ocrx_word' id='word_1_372' title='bbox 705 4362 823 4438; x_wconf 64' lang='grc'><strong>811111.</strong></span> <span class='ocrx_word' id='word_1_373' title='bbox 1140 4364 1184 4423; x_wconf 74' lang='lat' dir='ltr'>ab</span> 
     </span>
    </p>
   </div>
   <div class='ocr_carea' id='block_1_12' title="bbox 0 0 1533 4958">
    <p class='ocr_par' dir='ltr' id='par_1_12' title="bbox 0 0 1533 4958">
     <span class='ocr_line' id='line_1_42' title="bbox 0 0 1533 4958; baseline 0 0"><span class='ocrx_word' id='word_1_374' title='bbox 0 0 1533 4958; x_wconf 95' lang='lat' dir='ltr'> </span> 
     </span>
    </p>
   </div>
  </div>
 </body>
</html>
