3144 4982
757 410 846 458 LUD·
868 408 980 458 811108

669 656 804 723 XXX.
847 657 1067 726 ULYSSRS.

501 792 506 797 Ι
601 853 605 858 ·
702 823 783 919 Lrn.
798 840 849 888 vr.
871 823 1027 889 011116.

366 986 377 1017 ‘
393 985 549 1068 UlysseS,
564 984 752 1054 vulneratus
767 991 810 1053 ab
831 1009 885 1067 ee,
908 1008 1007 1073 quem
1020 988 1154 1053 minime
1167 984 1366 1066 crediderat,

630 1087 742 1153 tridua
758 1093 984 1174 postmortem
998 1087 1107 1153 obiit!

365 1232 539 1298 Unueene
565 1254 627 1299 rex
648 1235 778 1302 ithacae
800 1235 1048 1319 insularumque
1071 1234 1296 1309 finitimarum,
1319 1230 1409 1296 filine

228 1390 232 1395 ,
323 1331 458 1397 Iadrtae
470 1340 504 1398 et
519 1332 695 1415 Anticlea,
707 1338 835 1423 conJ'ux
848 1337 1052 1420 Penelopea,
1066 1341 1163 1419 pater
1177 1331 1381 1398 Telemachi.

307 1504 313 1515 ,
366 1432 453 1497 Sunt
467 1439 580 1498 tamen
594 1436 652 1518 qui
666 1456 686 1500 e
705 1438 852 1522 Sisypho
872 1437 996 1501 malunt
1016 1440 1215 1518 conceptum
1225 1452 1242 1513 ;⁴
1256 1449 1374 1515 nempe
1388 1447 1410 1494 a

324 1551 392 1616 qun
406 1530 573 1611 Anticlea,
596 1553 674 1599 cum
696 1536 868 1602 duceretur
882 1537 927 1601 ad
943 1534 1077 1600 Laena
1092 1533 1242 1618 nuptias,
1255 1531 1324 1598 vim
1337 1531 1409 1595 ine·

323 1640 378 1696 ret
390 1651 504 1715 panea.
548 1632 710 1699 Videatur
718 1635 820 1699 Ouid.
830 1651 918 1698 xur.
931 1632 1070 1697 Metam.
1084 1632 1138 1696 31.

366 1732 448 1796 Erat
469 1740 585 1799 eutem
608 1736 659 1799 rir
672 1735 805 1817 pedena
818 1732 989 1809 facundia,
1014 1731 1174 1815 praeditus
1189 1730 1413 1813 experientia,

324 1831 417 1897 vafer
430 1833 582 1911 coneilio,
591 1833 743 1916 egregius
754 1835 855 1911 bello,
869 1833 1005 1917 patiens
1019 1829 1182 1894 laborum.
1226 1828 1327 1892 Unde
1339 1830 1416 1912 pel-

323 1930 383 1995 lax
402 1931 559 2014 Virgilio,
580 1949 619 1995 11.
633 1933 766 1998 AEneid·
788 1933 845 1998 90.
869 1932 995 2015 duplex
1018 1929 1174 2006 Horatio,
1190 1944 1215 1990 ι.
1241 1926 1307 1991 Od.
1322 1928 1357 1991 6.
1377 1931 1413 1994 7.

310 2024 441 2095 'vadus
464 2030 585 2109 Statio,
600 2048 642 2095 ιι.
665 2029 850 2097 Achilleia.
872 2032 927 2096 17.
947 2029 1055 2094 fallax
1079 2027 1216 2105 Ouidio,
1232 2041 1320 2089 xrrr.
1344 2027 1416 2091 Me-

327 2136 406 2193 tam.
421 2130 497 2195 713.
511 2130 626 2195 andex
639 2130 789 2208 Tibulle,
805 2145 856 2193 ru.
870 2131 904 2195 1.
917 2129 1001 2210 eleg.
1016 2127 1061 2190 ad
1075 2125 1273 2190 Messalam.

369 2227 483 2311 Hujus
496 2230 628 2312 egregia
641 2230 686 2295 ad
705 2229 845 2314 'frojam
858 2228 1001 2293 consilia
1015 2233 1050 2290 et
1066 2224 1259 2302 certamina,
1272 2223 1412 2305 denique

327 2333 362 2390 et
375 2333 455 2407 poet
465 2347 614 2392 eversam
627 2330 742 2392 urbem
750 2347 879 2393 emeres
891 2329 966 2411 ejus
979 2324 1183 2409 multiplices
1194 2324 1324 2405 leupus
1338 2342 1414 2407 pru·

327 2432 512 2505 sequuntur
535 2425 713 2504 Homerus,
728 2428 764 2490 in
789 2426 833 2490 Il.
847 2431 882 2490 et
908 2425 1032 2507 odyss.
1053 2424 1210 2502 Ovidius,
1224 2439 1295 2487 xri.
1319 2435 1410 2495 xm,

226 2558 231 2561 n
326 2529 430 2604 etque
446 2539 527 2587 xrv.
543 2524 685 2589 Metam.
695 2531 730 2591 et
743 2527 888 2613 strictim
902 2524 1073 2603 Tibullus,
1087 2541 1135 2590 iv.
1149 2526 1179 2588 1.

369 2620 426 2687 An
443 2628 553 2689 temen
579 2642 737 2689 oceanum
758 2624 941 2700 intraverit,
964 2629 998 2688 et
1021 2630 1120 2689 extre
1143 2622 1236 2686 orbiu
1257 2627 1416 2685 terrarum

327 2721 484 2803 antiquos
510 2723 632 2788 limites
662 2725 818 2790 erraverit
849 2724 1005 2807 Ulynees,
1030 2723 1153 2805 grande
1182 2728 1234 2785 est
1268 2720 1416 2785 dubium.

327 2819 553 2885 consuluntur
576 2822 707 2901 Strabo,
725 2842 747 2888 1.
764 2825 887 2908 Polyb.
902 2824 1042 2901 Seneca,
1055 2822 1109 2888 88.
1124 2823 1230 2906 Epist
1247 2822 1415 2899 Stabant,

328 2920 477 2984 Sermeu.
492 2921 527 2984 in
542 2921 659 2989 Bionis
679 2926 820 2990 munito.
854 2974 858 2980 .

369 3018 460 3085 Haec
473 3029 587 3086 nosue
601 3021 739 3107 Ulyseis
764 3026 895 3109 picture
910 3024 1064 3089 desumta
1077 3042 1122 3089 ex
1141 3010 1270 3088 Abrah.
1286 2977 1420 3085 Gnrlaei

327 3117 574 3204 Dactyliothec.
586 3123 664 3189 edit.
679 3127 797 3209 primm
811 3126 887 3192 176.
898 3124 1054 3191 Gemma.

650 3300 873 3420 unauna
900 3342 1093 3437 saxna,

627 3519 782 3587 xxxi.
826 3518 1117 3585 LAOGOON.

722 3670 801 3735 Iun.
817 3686 852 3734 v.
874 3669 964 3735 Cer.
978 3666 1031 3732 ll.

328 3818 338 3855 ‘
350 3813 470 3895 ltaque
490 3812 660 3879 desuacta
680 3834 847 3882 murorum
870 3822 976 3900 parte,
1000 3832 1077 3881 cum
1099 3815 1183 3899 juce
1209 3810 1416 3891 lasciviaque

370 3912 534 3977 induxere
547 3932 685 3996 equum,
703 3915 852 3982 soemiuis
875 3917 959 3982 inter
978 3935 1016 3980 se
1038 3922 1141 3998 atque
1166 3913 1246 3979 viria
1266 3909 1417 3975 certatim

371 4012 535 4078 attrahere
547 4013 806 4083 festinantibua'

369 4145 493 4212 lurae
513 4146 605 4213 viros
618 4154 738 4235 tamen,
754 4165 876 4232 equum
886 4146 1097 4211 intraurbem
1112 4163 1179 4208 nnn
1189 4135 1419 4237 recipiendum
