3200 4972
299 342 367 409 306
673 349 835 399 unsaris
860 350 1019 398 unsrun

304 495 496 564 Alexandro
510 494 543 557 in
557 492 677 557 itinere
690 493 843 570 occurrit,
865 499 899 557 et
913 492 1093 556 mirabatur
1105 491 1232 575 regiam
1247 493 1390 564 classem

300 617 367 683 quo
381 593 536 660 tenderet
582 592 721 676 Utrique
734 599 1168 676 occurrentesaspexerunt
1183 614 1220 658 se
1235 595 1390 672 invicem,

301 695 399 762 inscii
413 712 480 777 quo
494 692 633 776 quisque
648 693 722 757 iret.
767 691 888 758 Castor
910 700 945 757 et
968 692 1093 757 Pollux
1112 694 1155 757 ad
1170 692 1392 778 Clytaemnes·

300 805 386 861 tram
400 797 521 871 ierant,
535 812 653 858 mcum
668 794 885 858 Hermionam
899 801 1031 877 neptem
1049 814 1144 859 suam
1168 795 1313 862 Helenae
1328 797 1393 861 fili·

300 917 354 961 am
371 896 590 961 abduxerant·
636 893 733 976 Argis
753 893 776 957 J
780 894 898 956 ononis
913 892 1009 956 dies*
1030 893 1136 960 festus
1161 905 1233 960 erat
1255 896 1308 960 his
1324 898 1393 962 die·

300 999 375 1076 bns,
391 997 513 1081 quibus
526 994 720 1059 Alexander
745 995 802 1058 in¹
825 993 969 1057 insulam
992 992 1190 1075 cytheream
1206 999 1306 1074 veuit,
1331 999 1390 1062 ubi

301 1097 344 1162 ad
358 1098 471 1162 sanum
488 1095 627 1164 Veneris
651 1094 773 1159 Dianae
798 1093 1026 1158 sacrificavit.y
1069 1093 1119 1158 Hi
1142 1097 1202 1177 qui
1227 1099 1393 1163 ininsula

300 1207 395 1263 erant
416 1196 622 1262 mirabantur
635 1196 759 1277 regiam
773 1194 925 1270 classem,
949 1204 985 1257 et
1004 1195 1250 1276 interrogabant
1264 1197 1307 1259 ab
1321 1198 1390 1259 illis

301 1301 447 1383 quicum
462 1295 672 1372 Alexandro,
686 1295 744 1378 qui
766 1299 886 1371 essent,
904 1294 986 1376 quid
1003 1296 1192 1359 venissent²
1235 1294 1390 1377 Respon-

300 1398 417 1463 derunt
430 1396 479 1461 illi
494 1415 516 1460 a
534 1395 666 1460 Priamo
689 1414 764 1476 rege
785 1394 929 1477 legatum
952 1395 1090 1457 missum
1106 1393 1149 1458 ad
1164 1392 1340 1460 Castorem
1355 1405 1390 1460 et

303 1498 489 1575 Pollucem,
503 1504 540 1561 ut
552 1514 611 1559 eos
625 1496 821 1560 conveniret
864 1494 944 1577 [lo]
966 1493 1105 1558 atvero
1122 1494 1254 1559 Helena
1273 1495 1390 1560 Mene·

299 1597 348 1662 lai
372 1616 470 1674 uxor,
493 1616 569 1661 cum
586 1594 777 1660 Alexander
791 1596 826 1658 in
840 1595 950 1658 insula
965 1593 1130 1676 Cytherea
1144 1603 1244 1672 esset,
1266 1596 1391 1679 placuit
1419 1618 1424 1627 ·

300 1700 331 1763 ei
345 1717 387 1763 eo
403 1700 462 1763 ire.
507 1696 587 1776 Qua
599 1696 641 1759 de
657 1715 761 1760 causa
775 1694 819 1759 ad
839 1695 936 1759 littus
957 1695 1133 1776 processit,
1149 1696 1207 1759 ubi
1222 1695 1344 1760 Dianre
1357 1705 1391 1762 et

306 1798 474 1883 Apollinis
488 1797 602 1862 sanum
616 1803 687 1861 est:
708 1798 790 1877 ibis,
800 1815 867 1860 rem
883 1795 1028 1858 divinam
1053 1795 1185 1859 Helena
1199 1796 1307 1860 facere
1321 1796 1390 1859 dis-

301 1905 469 1982 posuerat.
513 1896 615 1975 Quod
631 1898 690 1961 ubi
709 1898 895 1961 nuntiatum
917 1903 971 1959 est
993 1894 1200 1974 Alexandro,
1220 1895 1389 1960 Helenam

302 2000 347 2063 ad
368 2018 460 2063 mare
474 1998 619 2076 venisse,
643 1997 798 2061 conscius
813 1996 928 2060 sormae
944 2015 1027 2072 suae,
1054 1996 1091 2057 iu
1113 2005 1298 2080 conspectu
1320 1999 1392 2081 ejus

301 2099 472 2167 ambulare
488 2100 602 2182 coepit,
625 2098 766 2179 cupiens
780 2116 854 2160 eam
874 2095 996 2160 videre.
1042 2094 1185 2162 Helenae
1207 2098 1390 2163 nuntiatum

301 2205 363 2275 est,
381 2198 608 2263 Alexandrum
625 2195 747 2260 Priami
761 2197 847 2277 regis
861 2195 966 2260 filium
981 2194 1025 2259 ad
1040 2196 1216 2278 oppidum,
1238 2198 1298 2261 ubi
1320 2197 1391 2261 He·

301 2296 377 2385 lena
390 2302 469 2372 erat,
485 2297 628 2360 venisse.
673 2293 781 2371 Quem
797 2296 899 2358 etiam
913 2295 988 2377 ipsa
1004 2295 1118 2360 videre
1139 2298 1306 2380 cupiebat.
1348 2297 1391 2359 Et

301 2411 377 2458 cum
392 2413 428 2457 se
440 2397 570 2475 utrique
584 2396 823 2476 respexissent,
834 2394 944 2471 ambo,
957 2394 1063 2459 forma
1078 2415 1141 2460 sua
1154 2397 1294 2473 incensi,
1311 2403 1389 2460 tem·

302 2512 366 2575 pue
382 2492 539 2558 dederunt
554 2501 590 2558 ut
604 2493 730 2574 gratias
744 2492 908 2559 referrent
951 2492 1145 2561 Alexander
1155 2497 1305 2578 imperat,
1319 2514 1390 2559 om·

301 2612 364 2657 nes
378 2600 416 2656 ot
438 2595 473 2656 in
496 2594 637 2657 navibus
653 2593 722 2656 sint
737 2595 864 2676 parati:
886 2601 986 2659 noete
1009 2597 1150 2660 classem
1176 2595 1319 2674 solvant,
1346 2597 1389 2661 de

301 2693 381 2757 fano
414 2692 581 2757 Helenam
612 2692 762 2775 eripiant,
798 2714 913 2758 secum
950 2715 1023 2761 cam
1060 2696 1219 2760 auferant
1286 2697 1388 2779 Signo

302 2791 379 2857 dato
412 2791 526 2857 fanum
564 2793 765 2871 invaserunt,
802 2793 966 2859 Helenam
1004 2796 1197 2861 inviolatam
1232 2796 1391 2879 eripiunt,

303 2892 339 2955 in
371 2912 491 2958 navem
514 2892 672 2971 deiemnt,
702 2897 735 2956 et
765 2913 841 2958 cum
876 2913 919 2958 ea
950 2895 1106 2962 mulieres
1138 2896 1269 2981 aliquas
1283 2904 1297 2931 ⁸
1332 2895 1389 2960 de·

753 3102 933 3127 mu

280 3255 284 3261 Α
302 3283 319 3328 ⁸
333 3217 583 3346 {Jssffiffffl‘lph'
594 3219 630 3282 is,
645 3222 673 3267 et
684 3232 744 3268 mos
753 3223 785 3270 ad
795 3226 855 3271 rute
866 3223 963 3286 sm,
974 3230 1003 3274 et
1017 3224 1097 3275 habet
1111 3230 1163 3276 net
1177 3230 1236 3290 port
1251 3223 1390 3274 Veneria-

792 3392 897 3446 NOTAE

332 3487 345 3513 ¹
363 3483 438 3543 Argo
455 3485 558 3535 daunais
580 3488 642 3551 dier]
669 3486 738 3539 douo
756 3489 826 3540 enim
866 3506 923 3543 nem
935 3495 1025 3557 templi
1037 3495 1145 3545 Veneris
1161 3492 1234 3555 fecit,
1252 3500 1281 3543 ut
1299 3500 1389 3555 postea

300 3555 673 3619 precipuedrgtsoolelrrtur.
701 3563 826 3614 Diemsu·
864 3569 987 3634 subjiciat
1002 3569 1122 3618 Paridem
1140 3568 1232 3618 Diuum
1249 3566 1389 3617 modim·

301 3635 353 3679 mm
369 3627 826 3703 iestnmiriolatellipir,quo‘lipia
865 3643 913 3691 rei
1210 3692 1222 3702 .

300 3702 327 3750 id
338 3701 504 3762 err,.ionools
515 3720 588 3757 ruore
599 3711 767 3765 colebanturx
792 3715 825 3763 de
896 3727 907 3752 ¹
923 3717 972 3773 Qui
982 3720 1067 3775 Mi·
1076 3714 1133 3778 qaid
1142 3714 1272 3779 Mi]
1288 3714 1330 3763 θ’
1339 3715 1387 3764 ¹¹⁸⁰

300 3777 390 3843 quibos
401 3777 460 3826 vide
471 3779 609 3831 doctissimi
628 3784 736 3838 Meumii
752 3790 825 3840 Gru·
864 3789 975 3839 formula
991 3787 1093 3838 abunde
1112 3789 1220 3853 emmor,
1239 3787 1308 3852 apud
1328 3789 1388 3837 Dic·

299 3851 541 3914 damferiatsmstu
553 3860 717 3922 constipata.
864 3870 920 3926 tyn.

331 3926 448 3976 ronna
460 3927 615 3992 mocon]
638 3933 690 3981 Sed
709 3950 756 3987 cor
773 3952 824 3988 non
895 3944 907 3971 ⁸
923 3936 1040 3987 Mulieres
1047 3938 1149 4002 oliam]
1166 3937 1281 3988 AEthram
1292 3937 1388 4001 erco-

299 4003 384 4064 potiur
395 4002 488 4052 Veneri
499 4001 662 4066 notificavit,
673 4007 747 4070 cujus
757 4024 824 4072 pra·
863 4026 973 4063 menam.
1007 4013 1075 4065 Vide
1085 4014 1153 4079 epod
1166 4014 1271 4078 Dictys.

297 4074 363 4127 sidio
377 4077 542 4129 confidebat?
564 4083 591 4127 et
603 4092 647 4129 cur
657 4080 699 4131 tric
715 4087 823 4137 mentio·
