3010 4978
313 427 356 488 44
571 438 648 486 rac.
673 436 863 485 vuarzonrr
889 435 1136 484 nrssnnrrrro

311 581 459 663 regione,
487 586 525 643 ut
546 579 733 658 Thessalia,
754 585 1020 654 commemorant,
1044 578 1132 659 quod
1161 594 1236 641 cnm
1261 575 1319 639 alii
1341 574 1387 637 ia·

313 683 413 755 ciant,
435 677 570 759 Tragici
598 679 862 761 frequentissime
885 678 1025 754 iaciunt,
1055 678 1178 759 quihus
1203 676 1334 741 minimo
1355 671 1387 735 id

313 778 564 842 concedendum
577 787 648 843 est:
671 777 751 841 nihii
772 779 859 842 enim
881 796 925 841 ex
945 796 1090 859 persona
1112 776 1234 859 poetae,
1249 772 1310 837 sed
1324 791 1389 835 om·

313 878 369 942 nia
382 878 444 941 suh
459 897 585 958 eorum,
596 882 654 962 qui
669 881 727 944 ilio
744 886 892 962 tempore
904 879 1068 953 vixerunt,
1082 879 1249 941 dixerunt
1293 870 1388 950 Quod

313 978 432 1059 siquis
455 980 657 1044 aThessato
681 979 838 1044 Herculis
861 978 901 1042 F.
916 995 976 1040 eos
1000 977 1189 1060 appellatos
1211 970 1389 1039 Thessalos
1457 1016 1462 1029 .

315 1077 408 1154 dicit,
423 1079 593 1145 reddenda
606 1083 668 1144 erit
690 1082 722 1144 ei
743 1080 840 1155 ratio,
853 1097 911 1142 cur
931 1096 1099 1160 nunquam
1121 1084 1199 1140 ante
1222 1076 1389 1155 insequen-

315 1184 381 1242 tem
402 1178 601 1246 Thessalum
618 1201 661 1245 ea
682 1200 765 1262 gens
788 1181 824 1245 id
846 1179 991 1243 nominis
1006 1176 1231 1260 usurpaverit!
1273 1172 1391 1254 Liquet

315 1295 361 1340 ex
379 1278 431 1342 his
451 1281 592 1359 ahnode,
620 1284 716 1364 longe
738 1282 895 1345 seriorem
919 1278 1075 1361 Trojanis
1096 1276 1301 1365 temporibus
1321 1285 1392 1333 esse

314 1376 406 1440 iiiam
422 1381 692 1462 appellationem.
736 1381 802 1445 Sed
824 1381 930 1463 etqui
944 1398 1019 1443 eam
1030 1379 1072 1442 ab
1087 1376 1249 1441 Thessalo
1268 1370 1393 1435 Hercu·

314 1475 357 1540 lis
379 1477 418 1541 F.
432 1478 637 1558 derivabant,
660 1500 727 1544 non
749 1488 859 1546 tamen
882 1479 972 1543 itlius
995 1486 1144 1560 tempore
1166 1480 1323 1557 coeptum,
1338 1463 1393 1530 Μ

316 1574 488 1659 aliquanto
504 1588 583 1662 post
602 1582 645 1644 ah
659 1582 750 1644 itlius
770 1580 924 1644 Thessali
938 1579 1080 1663 posteris
1095 1583 1211 1652 ortam
1225 1580 1260 1638 et
1273 1564 1394 1651 regioni

317 1677 361 1739 ab
375 1695 413 1740 se
425 1686 599 1762 occupatae
611 1683 646 1744 in
659 1680 817 1744 honorem
831 1678 1050 1762 progenitoris
1065 1676 1118 1739 sni
1129 1674 1398 1752 impositamtra·

317 1775 449 1841 dehant.
480 1779 569 1843 Vide
583 1781 778 1844 Strabonem
794 1779 919 1842 lih.1x.
935 1782 1093 1840 extremo.
1126 1775 1227 1838 Adde
1240 1778 1349 1836 antem
1358 1766 1398 1829 iir

318 1870 440 1939 Veileii
455 1879 556 1942 etiam
570 1899 620 1956 ea,
642 1898 719 1962 quae
741 1897 821 1942 mox
844 1882 1002 1941 memorat
1025 1874 1115 1940 idem
1135 1876 1177 1939 de
1204 1868 1398 1940 ‘Corintho

311 1975 442 2039 ‘multo'
462 1976 942 2063 etiam‘postllinmcaptum’
954 1977 1195 2052 sicnominata,
1207 1980 1242 2039 ot
1254 1979 1399 2036 tamena

318 2084 431 2140 nostro
451 2079 571 2162 Dictys
585 2083 709 2163 saepius
734 2080 808 2143 solo
822 2080 887 2142 hoc
904 2076 1048 2141 Nomine
1062 2075 1242 2156 designata.
1284 2068 1352 2133 Sed
1366 2073 1397 2128 et

318 2174 385 2240 hnc
410 2178 526 2257 resero,
549 2181 638 2264 qnod
661 2179 872 2261 ‘Corcyram
893 2174 1094 2251 Meloeoamss
1115 2175 1158 2238 ab
1174 2175 1282 2237 AEnea
1304 2174 1396 2232 ‘con-

319 2275 486 2341 stitutam'
501 2282 548 2341 ait
572 2298 604 2343 v.
628 2282 682 2342 17.
705 2280 895 2343 ‘civitatem
917 2278 979 2352 his,
1005 2276 1063 2357 qui
1087 2293 1202 2338 secum
1223 2273 1395 2350 navigave-

318 2373 411 2436 rant!
455 2375 582 2438 Etenim
599 2377 788 2459 ‘Corcyrae'
809 2395 931 2439 nomen
951 2374 1090 2437 necdum
1115 2375 1235 2440 habuit
1257 2379 1332 2437 tnnc
1357 2385 1396 2428 ne

319 2472 490 2553 precipuo
504 2475 636 2554 quidem
651 2476 750 2538 istius
764 2474 907 2537 nominis
927 2473 1051 2550 insuia,
1066 2476 1255 2557 saepissime
1267 2472 1343 2536 licet
1354 2465 1397 2529 ub

321 2568 471 2635 Homero
479 2580 668 2651 memorata,
683 2575 741 2638 sed
755 2575 847 2639 dicta
862 2576 905 2637 ab
917 2593 959 2637 eo
971 2572 1094 2659 Σχιρία,
1110 2584 1146 2639 et
1162 2575 1298 2638 Φαιάκων
1312 2573 1398 2645 νῆσος,

320 2676 355 2734 at
368 2678 486 2753 postea
508 2673 651 2751 demum,
668 2676 770 2740 immo
792 2677 927 2740 demum
946 2684 1125 2760 postquam
1142 2673 1310 2740 Corinthii
1330 2686 1399 2734 eum

320 2778 500 2865 tennerunt,
515 2772 545 2836 si
568 2774 650 2837 fides
666 2775 805 2851 Cononi,
822 2773 975 2860 Κερκύρας,
990 2795 1052 2841 seu
1068 2773 1270 2860 ‘Corcyroe'
1290 2785 1401 2836 nomeu

319 2872 460 2954 accepit
503 2872 594 2938 Vide
610 2875 764 2941 Palmarii
779 2875 946 2940 Graeciam
961 2864 1261 2957 Antiquam'rrdd.
1304 2864 1401 2948 Quod

320 2976 351 3038 si
369 2975 477 3057 major
498 2977 608 3041 insola
625 2978 766 3041 necdum
791 2976 826 3039 id
851 2994 971 3040 nomeu
993 2984 1070 3039 tnnc
1092 2977 1257 3057 temporis
1278 2972 1401 3043 habnt,

313 3095 427 3159 -neqne
454 3078 559 3141 minor
586 3077 644 3140 ilia
668 3086 702 3141 et
725 3079 859 3143 interior
881 3078 914 3139 in
936 3076 1112 3140 Adriatico
1133 3078 1217 3140 mari
1243 3075 1399 3141 hahuisse

320 3177 460 3241 videtur.
504 3176 601 3240 Certe
618 3178 769 3259 epitheto
784 3176 1017 3252 distinctionis,
1031 3183 1068 3241 ut
1080 3177 1246 3242 diceretur
1260 3176 1401 3255 Corcyra

320 3275 439 3355 Nigra,
452 3293 511 3337 sou
526 3272 668 3351 Miasena,
690 3295 777 3358 opus
790 3296 856 3339 non
880 3277 955 3352 fuit,
975 3276 1108 3358 quaudo
1132 3278 1225 3341 nollo
1247 3279 1316 3340 alia
1334 3278 1400 3337 erut

320 3372 440 3448 insula,
456 3391 531 3454 quse
547 3375 613 3436 isto
634 3375 765 3438 nomine
781 3375 1017 3457 designaretur.
1062 3375 1160 3439 Adde
1169 3375 1253 3456 jam,
1269 3374 1399 3437 Strabo

319 3490 393 3534 nem
403 3471 541 3548 tradere,
555 3475 669 3537 urbem
681 3476 781 3540 istius
795 3477 924 3554 insnlae,
939 3495 1004 3541 oon
1018 3477 1061 3540 ah
1071 3476 1188 3549 AEnea,
1197 3472 1255 3535 sed
1270 3491 1292 3535 a
1309 3472 1400 3537 ‘Gni-

318 3569 406 3634 diis'
421 3570 599 3652 conditam,
615 3574 766 3639 vinula.

361 3684 489 3734 xxvrr.
512 3671 615 3737 Porro
639 3683 750 3738 autem
778 3694 881 3758 qnam
905 3679 1052 3759 ineptum
1082 3678 1191 3736 estet
1212 3672 1356 3738 alienun
1378 3686 1400 3731 a

318 3768 457 3853 Trojani
471 3774 628 3855 temporis
647 3777 820 3858 scriptore,
836 3777 926 3860 quod
948 3778 1108 3839 memorat
1120 3771 1162 3837 de
1172 3773 1287 3839 ,literis
1303 3769 1402 3837 Puni·

319 3872 382 3948 cis,
395 3873 438 3934 ab
451 3870 581 3936 Cadmo
605 3874 790 3957 Daneoqne
813 3874 955 3951 traditis,
969 3873 1092 3956 quihus
1111 3874 1145 3936 in
1165 3869 1402 3939 conscribenda

319 3970 384 4034 hac
411 3969 553 4034 historia
574 3991 656 4035 usus
675 3974 732 4048 sit,
748 3979 780 4036 et
802 3973 845 4036 de
868 3973 1086 4037 ‘diversitate
1111 3971 1290 4039 sermonis’
1314 3972 1400 4035 inter

317 4068 474 4147 Groeoos,
489 4072 590 4134 immo
605 4078 640 4134 et
653 4072 747 4155 ipsos
759 4070 878 4149 Cretoe,
887 4074 984 4137 nnius
997 4072 1126 4152 insuite,
1140 4073 1280 4137 incolas.
1311 4069 1399 4135 Nm

319 4169 473 4236 ‘literas'
489 4171 603 4253 utique
617 4170 739 4237 diversi
754 4173 881 4253 generis
895 4191 960 4237 non
981 4172 1165 4238 hahuemnt
1178 4164 1397 4253 antiquissimi
