3196 4976
521 405 570 454 nn
593 402 714 452 sunno
736 398 909 448 rsosuuo
933 398 1005 450 crs.
1030 402 1062 448 v.
1269 386 1335 450 249

146 602 152 611 .
247 550 372 616 iactum
396 547 501 612 forma
522 541 797 627 ingenti,¹·cujus
820 539 1041 621 magnitudine
1068 537 1155 603 muri
1182 536 1335 605 solvendi

250 655 375 724 essent,
390 646 554 713 annitente
568 649 669 725 atque
682 640 895 705 administro¹
918 637 1102 705 Antenore:
1129 640 1206 703 dein
1224 658 1335 704 reeor-

251 751 353 814 datus
365 751 533 829 parentem
554 742 724 806 Priamum
744 739 957 822 residuosque
977 738 1106 819 fratres,
1127 740 1242 805 fletum
1264 740 1335 805 edit

250 844 487 922 miserabilem,
508 845 803 924 consternatusque
814 845 849 875 ²·
871 858 930 921 per
944 838 1092 905 dolorem
1106 848 1206 921 atque
1221 840 1335 904 obstu⁴

248 940 402 1032 pelactus
415 944 494 1008 ruit.
536 942 623 1006 Tum
644 939 791 1022 Pyrrhus
812 938 987 1003 collectum
1009 956 1097 1016 eum,
1109 938 1333 1023 retentumque

251 1038 649 1123 martinummontem,
665 1039 885 1121 custodesque
896 1038 1003 1117 addit,
1014 1039 1135 1107 veritus
1145 1057 1188 1104 ne
1197 1057 1265 1121 qna
1275 1058 1335 1122 per

250 1152 325 1213 eum
341 1145 491 1210 hmanas
507 1161 581 1227 quae
594 1146 686 1225 gesta
700 1145 794 1205 erunt
808 1137 1008 1220 patefierent.
1048 1172 1052 1178 ·
1066 1138 1166 1217 Quod
1181 1140 1239 1204 ubi
1261 1140 1333 1204 He·

249 1246 346 1313 lenus
357 1242 530 1328 persensit,
545 1242 706 1326 Pyrrhum
719 1240 768 1304 nti
787 1240 909 1303 bonnm
924 1240 1070 1305 animum
1085 1244 1209 1322 gereret
1220 1239 1334 1305 hortass

248 1355 311 1425 tur,
325 1363 473 1411 securum
489 1343 552 1419 soi,
562 1348 831 1424 secretorumque
844 1360 853 1405 ι
866 1360 1009 1426 namque
1022 1361 1060 1408 se
1073 1360 1153 1407 oum
1166 1359 1218 1416 eo,
1234 1343 1334 1406 etiam

248 1453 327 1529 post
353 1447 469 1528 patriae
495 1444 675 1519 excidium,
694 1441 812 1506 multis
839 1442 1117 1525 tempestatibus⁰
1145 1442 1179 1506 in
1200 1439 1335 1506 Graecia

247 1552 461 1609 moraturum.
503 1545 634 1629 Itaque,
648 1549 686 1606 nt
702 1540 833 1605 Heleno
850 1541 1030 1623 placuerat,
1047 1530 1151 1607 multa
1169 1528 1354 1619 materies,

248 1662 325 1728 queo
341 1652 421 1728 apta
434 1644 620 1729 hujusmodi
635 1643 772 1708 lubricae
786 1639 970 1718 ridebatur,
985 1661 1044 1725 per
1065 1637 1211 1726 lipium‘¹
1232 1648 1333 1723 atque

246 1741 391 1825 Ajacem
419 1743 509 1809 Oilei
537 1745 692 1808 advecto.
734 1739 821 1822 [io]
857 1739 991 1805 Interim
1019 1742 1199 1806 firmaturos
1222 1747 1335 1823 pacton

245 1845 343 1924 pacis
358 1843 401 1905 ad
414 1842 550 1926 Trojam
566 1844 657 1916 eunt,
671 1840 786 1904 decem
800 1838 882 1901 lecti
896 1839 1012 1915 duces,
1028 1839 1218 1915 Diomedes,
1232 1839 1335 1922 Ulys-

247 1959 316 2017 ses,
324 1938 536 2016 Idomeneus,
544 1935 1012 2022 AjaxTelamonins,Nestor‚
1021 1935 1199 2010 Meriones,
1207 1936 1336 2013 Thoas,

248 2035 452 2112 Philoctete,
462 2036 722 2119 Neoptolemus,
734 2041 837 2115 atque
851 2031 1028 2098 Eumelus:
1044 2050 1128 2114 quos
1141 2032 1198 2094 nbi
1213 2032 1248 2093 in
1261 2033 1336 2097 soro

249 2132 514 2198 animadvertere
535 2133 725 2217 populures,
751 2130 823 2195 lseti
845 2131 975 2195 animos
995 2131 1124 2206 tollunt,
1146 2129 1246 2193 finem
1262 2131 1337 2214 jam

715 2322 895 2348 mm

249 2471 294 2521 qu
305 2460 498 2522 perigene-9
514 2457 744 2522 nemimem-1
762 2456 861 2522 Delpls.
870 2455 1037 2507 moira-l
1054 2453 1191 2505 omittitur
1201 2453 1227 2503 in
1240 2452 1336 2518 Delph.

644 2614 648 2619 ’
741 2649 847 2702 eoru

280 2773 723 2840 *Rq-noliensudrer‘eclmsomo
732 2777 770 2826 ie·
808 2778 895 2842 ijs.
927 2777 992 2839 Aut,
1011 2782 1130 2828 emente
1148 2774 1257 2838 Hippio,
1276 2779 1336 2837 post
1358 2806 1364 2817 »

246 2849 327 2919 gem]
342 2849 414 2913 Vqut
430 2862 463 2899 rr.
479 2848 536 2900 Eu.
560 2850 664 2900 ‘Instar
680 2852 771 2901 montis
809 2849 1236 2917 quemeeahrooodernntGrreei:
1262 2848 1332 2897 nude

248 2938 350 2990 quoru,
366 2923 454 2973 dirim
470 2923 582 2973 Palladis
598 2930 664 2985 orte,
681 2923 771 2974 AEdiii·
809 2934 836 2976 et
847 2927 938 2978 alludit
949 2923 1145 2976 ‘tortormentis
1156 2922 1266 2987 equum?
1281 2922 1337 2972 Aut

249 3008 319 3062 eunt,
336 3007 459 3064 metaque
477 2998 599 3050 intexant
613 2999 698 3048 obiere
715 3014 771 3049 ooo·
813 3014 903 3051 revers
913 3001 961 3049 lroo
972 2998 1030 3060 tuit,
1041 2996 1108 3062 qued
1120 2997 1242 3059 Virgilius
1252 2997 1337 3059 neqol-

172 3097 174 3101 .
249 3074 308 3125 tae!
339 3072 391 3124 Ubi
406 3071 526 3123 Servios:
547 3074 595 3122 ‘ut
612 3072 732 3136 Hyginus
745 3080 774 3123 et
813 3073 873 3125 tor!
904 3075 1043 3135 vulgarem
1060 3069 1207 3133 opinionem
1224 3066 1337 3131 deeque

247 3148 353 3198 'rubero
367 3148 464 3203 dicunt,
479 3148 707 3198 meolrionrnentum
720 3146 773 3197 bel·
814 3146 971 3211 eliquantonr
993 3145 1129 3193 immutare
1149 3140 1230 3191 voluit
1255 3139 1337 3190 Pele·

250 3219 470 3284 limmioltqnod
480 3234 561 3286 eqone
570 3222 734 3286 appellator3
744 3229 774 3272 ot
813 3221 922 3287 piretum
938 3219 985 3269 red
995 3217 1088 3280 frigide
1099 3228 1161 3265 sane
1172 3222 1199 3264 et
1209 3216 1306 3278 inepte.

253 3293 319 3343 erlee
329 3300 356 3342 et
366 3292 477 3353 testudo,
487 3296 577 3358 quilius
588 3298 653 3347 muri
670 3300 710 3349 vel
722 3298 774 3348 die·
845 3303 858 3331 ⁸
873 3291 1054 3355 caumata]
1064 3292 1197 3355 merem,
1208 3291 1337 3341 ‘willlel-

252 3367 317 3421 onri,
334 3366 375 3416 rel
396 3366 485 3416 subrui
505 3369 597 3419 nolent.
629 3373 704 3424 Unde
722 3381 772 3437 eet,
809 3370 954 3437 uetusque)

250 3447 312 3490 ·not
321 3440 378 3490 lieo
388 3440 414 3488 ln
423 3447 524 3489 oestron
533 3439 659 3496 febriente
669 3454 709 3497 eet
720 3462 771 3499 me·
841 3447 861 3482 ῑ
870 3447 1036 3508 Medumque
1043 3442 1129 3507 olor]
1141 3442 1235 3493 (ireos
1245 3443 1335 3505 forme,

250 3518 328 3570 enine
344 3514 448 3565 moros.'
480 3515 519 3567 Ut
536 3517 590 3580 elii,
604 3528 771 3586 pernequam
810 3522 993 3573 subintellecto
1021 3520 1122 3569 scilieet
1154 3518 1334 3584 propositione

251 3592 290 3643 eie
307 3589 425 3641 Antenor
441 3591 553 3654 operuit,
570 3605 664 3657 equum
685 3593 773 3646 inbuit
811 3592 1191 3661 ir,quaegeuitirnmarclselt.
1223 3592 1273 3641 Vel
1290 3605 1334 3656 po·

250 3666 364 3731 pictum:
393 3665 518 3727 nonnulli,
535 3666 636 3730 mom
653 3668 713 3732 eqni
728 3668 772 3721 dn-
812 3670 873 3732 tius,
894 3676 924 3719 ot
942 3668 1039 3732 optime
1059 3667 1190 3728 sonorior,
1205 3664 1334 3717 ‘reiectos

248 3746 313 3803 tom,
334 3746 364 3789 ot
383 3740 590 3791 internoscereot
611 3741 698 3792 Greci
715 3757 774 3794 soon
812 3741 909 3804 eulmi,'
926 3742 1018 3805 supple
1034 3739 1163 3801 ‘mooted
1188 3753 1240 3803 qno
1259 3739 1335 3789 modo

249 3813 292 3864 vel
317 3813 412 3863 hostes.
444 3812 468 3861 Δ
489 3814 640 3879 quibusdem
667 3816 773 3875 (licitur,
813 3817 1044 3880 epudLocrotvr.
1068 3813 1243 3865 ‘Perturbatn
1257 3814 1334 3869 enimi

249 3885 320 3939 fecte
337 3887 481 3953 proditlooe
499 3890 650 3952 predictum
665 3906 698 3941 ne
714 3893 771 3957 quis
811 3905 883 3941 mens
893 3890 920 3939 ln
932 3903 1040 3940 mrerore
1050 3888 1189 3954 metuque!

248 3976 292 4013 ens
308 3962 397 4014 domos
413 3962 531 4024 violaret,
541 3977 646 4029 quornm
657 3975 718 4016 ente
729 3966 771 4030 je·
842 3965 1151 4030 emmeramum]
1174 3963 1236 4022 Pro,
1251 3959 1333 4026 multo

249 4051 326 4087 norro
337 4052 420 4102 equor
436 4038 647 4102 eeoetdepictus3
663 4040 773 4092 undeet
811 4046 935 4105 tenpore.

249 4109 389 4161 Antenoris
399 4116 427 4161 et
438 4115 582 4160 ceterorum
594 4115 686 4176 agnito
703 4121 771 4165 snot.
841 4114 853 4149 ⁴¹
869 4116 920 4164 Per
931 4111 1031 4176 limen]
1045 4110 1138 4177 virgil.
1153 4111 1206 4159 ‘Et
1217 4110 1273 4174 ipse
1282 4108 1335 4158 doli

250 4183 314 4249 Ant,
330 4185 391 4252 qnle
407 4183 522 4252 equestri
538 4186 627 4251 prelio
644 4188 715 4240 vieto
730 4194 771 4239 est
809 4184 1066 4250 interrumpens?
