3200 4972
516 439 564 487 nu
587 437 716 487 exora.
738 434 866 484 renum
889 435 1039 487 steron.
1256 422 1321 490 811

228 611 317 674 gum,
340 594 534 678 sapientam,
561 595 672 657 animo
695 610 864 673 magnum,
888 590 1060 656 blandum.
1113 590 1331 658 Podalirinm‘

229 711 391 764 crassum,
407 694 584 770 valentem,
601 695 793 776 superbum,
809 693 946 757 tristem.
991 691 1213 758 Machaonem
1228 712 1321 775 may·

230 811 321 871 num,
337 793 466 872 fortem,
482 800 619 873 certum,
633 795 837 878 prudentem,
851 796 1047 877 patientem,
1059 793 1322 858 misericordem.

231 892 417 958 Marionem
435 894 555 974 ruium,
570 896 728 960 mediocri
744 900 884 973 statura,
905 912 1044 977 corpore
1064 895 1214 970 rutundo,
1234 896 1322 960 viro·

229 990 316 1070 sum,
330 996 545 1078 pertinacem,
560 996 738 1070 crudelem,
749 995 992 1078 impatientem·
1029 993 1241 1059 Briseidamt
1256 994 1322 1060 for·

229 1114 368 1168 musam,
391 1096 460 1160 alta
476 1105 614 1175 statura,
632 1095 822 1173 candidam,
845 1097 969 1179 capillo
986 1096 1075 1160 flavo
1090 1101 1125 1159 at
1139 1094 1244 1172 molli,
1264 1116 1319 1160 su·

230 1196 379 1280 perciliis
388 1197 528 1280 junctis,
541 1199 651 1263 oculis
666 1198 828 1274 venustis,
844 1215 986 1279 corpure
1001 1196 1137 1280 aequali,
1149 1195 1318 1273 blandem,

228 1296 407 1373 affabilem,
419 1291 650 1376 verecundam,
662 1300 774 1362 animo
784 1298 941 1380 simplici,
953 1298 1054 1380 piam.
1090 1295 1173 1379 [la]
1188 1296 1321 1361 Deinde

227 1398 336 1460 ornati
352 1416 427 1461 curn
439 1395 571 1485 clauseh
587 1397 699 1462 Graeci
714 1396 864 1463 Athenae
877 1402 1107 1463 convenemnt.
1143 1396 1321 1487 Agamem-

229 1513 293 1559 non
317 1514 359 1559 ex
387 1497 543 1580 Mycenis
565 1498 707 1563 navibus
731 1517 865 1563 numero
887 1503 1032 1562 centurn.
1077 1495 1250 1562 Menelaus
1274 1516 1319 1560 ex

228 1596 352 1680 Sparta
369 1602 511 1666 naribus
531 1621 666 1677 nurnero
689 1603 874 1685 sexaginta.
918 1600 1115 1665 Arcesilaus
1130 1605 1163 1663 et
1178 1598 1320 1665 Prothe-

225 1698 304 1764 ιιοτἰ
332 1720 378 1765 ex
401 1702 537 1768 Boeotia
561 1703 813 1787 quinquaginta.
859 1698 1074 1785 Ascalaphus
1095 1707 1129 1765 et
1150 1698 1319 1766 Ialmenus
1438 1724 1442 1729 ’

226 1820 270 1864 ex
291 1802 501 1868 Orchomeno
522 1804 668 1868 navibus
688 1821 826 1866 nurnero
848 1801 993 1882 triginta.
1037 1799 1264 1883 Epistrophus
1285 1809 1320 1866 et

225 1900 388 1967 Schedius
402 1923 446 1966 ex
462 1902 609 1968 Phocida
629 1902 862 1986 quadraginta·
902 1899 997 1983 Ajax
1010 1899 1251 1966 Telamonius¹¹
1275 1921 1320 1965 ex

225 2000 398 2064 Salamina
412 2002 555 2066 adduxit
567 2022 680 2066 secum
695 2002 862 2065 Teucrum
884 2000 1035 2064 fratrem:
1057 1999 1164 2087 Elide,
1179 2000 1320 2083 Amphi·

226 2098 395 2175 maehum,
412 2100 562 2176 Dionem,
576 2101 769 2184 Thalpium,
784 2100 1006 2184 Polyxenam,
1019 2099 1164 2164 navibus
1179 2099 1321 2182 quadra·

224 2197 327 2280 ginta.
371 2197 497 2264 Nestor
511 2221 556 2265 ex
572 2201 815 2285 Pylonavibns
832 2197 969 2264 cxxx)
1001 2199 1116 2264 Thoas
1131 2219 1175 2264 ex
1190 2198 1320 2264 AEiolia
1393 2185 1400 2196 ’

226 2297 371 2362 navibus
391 2316 457 2363 xc.
506 2300 598 2383 Ajax
621 2300 740 2364 Oileus
761 2319 805 2364 ex
828 2300 946 2365 locria
970 2300 1113 2365 naribus
1137 2307 1319 2364 xxxvnz'·

223 2396 405 2481 Antiphus,
447 2399 639 2486 Phidippus
668 2405 790 2469 xxx-l
850 2401 1053 2466 Idomeneus
1083 2408 1119 2465 et
1146 2399 1319 2466 Meriones

223 2516 268 2562 ex
288 2497 386 2563 Creta
403 2501 545 2569 navibus
561 2517 688 2566 cxxx.
734 2500 875 2584 Ulysses
889 2522 933 2566 ex
952 2502 1077 2568 lthaca
1098 2504 1239 2567 nasibus
1255 2523 1318 2567 nu·

223 2620 317 2665 mero
334 2617 407 2667 xri.
453 2600 615 2667 Eumelus
639 2623 684 2667 ex
709 2602 829 2668 Pheris
850 2605 992 2668 naribus
1009 2613 1065 2668 x?
1108 2604 1317 2670 Protesilaus

223 2707 255 2764 et
273 2699 445 2767 Podarces
463 2720 508 2766 ex
526 2702 679 2786 Phylace
700 2704 844 2768 naribus
866 2720 931 2768 xc.
986 2704 1178 2770 Podalirius
1192 2712 1226 2771 et
1241 2705 1318 2771 Ma·

224 2800 331 2866 cbaon
346 2803 536 2886 AEscrrlapii
556 2803 618 2869 lilii
637 2825 681 2870 ex
701 2804 802 2870 Trica
816 2807 957 2871 navibus
972 2813 1120 2871 κων
1162 2805 1316 2871 Achilles

224 2921 299 2966 cum
336 2902 497 2970 Patroclo
525 2913 562 2969 et
591 2905 859 2988 Myrmidonibus
889 2926 932 2970 ex
962 2906 1087 2971 Phthia
1112 2907 1256 2971 navibus
1283 2922 1317 2969 ι.

223 3001 440 3087 Tlepolemus
452 3025 497 3070 ex
513 3005 639 3071 Rhodo
653 3007 794 3073 navibus
811 3015 883 3071 ιω
926 3005 1118 3089 Eurypylus
1130 3025 1175 3071 ex
1190 3005 1316 3071 Orcho·

254 3220 266 3271 t
283 3214 381 3266 Eadem
393 3216 575 3267 terminatione
587 3218 670 3268 utiam
681 3227 708 3268 et
721 3219 820 3283 Hyyin.
828 3217 942 3281 Mytboi.
953 3215 1007 3266 fab.
1018 3229 1075 3266 cvr.
1093 3215 1124 3265 ad
1137 3228 1214 3281 qnam
1229 3215 1314 3267 lesan

222 3277 276 3328 bae
287 3278 344 3341 ipsa
356 3280 433 3330 rerba
444 3281 550 3331 Dareus
561 3282 628 3332 citat
638 3282 822 3347 Mencken-1
839 3281 932 3347 Delpb.
943 3280 1042 3331 uambae
1053 3280 1083 3329 X
1083 3280 1112 3330 X
1111 3279 1147 3331 Χ.

255 3480 748 3550 hOrnetieruurluaae]Siesupra,‘eurn
788 3495 846 3539 tuor
856 3487 948 3553 reliqui
958 3487 1038 3539 dueaa
1054 3500 1140 3538 seeum
1157 3501 1235 3538 naver
1252 3503 1315 3553 qua·

221 3557 377 3607 exercitibus
387 3567 416 3608 et
426 3558 551 3609 elmalbns
563 3561 663 3611 ornati)
681 3563 748 3613 Vide
788 3563 914 3627 draaima.

221 3633 367 3682 lbinotata.
817 3638 825 3673 ¹
853 3638 961 3689 Nauibus
982 3637 1108 3702 LXXX]
1136 3637 1264 3689 Humana
1285 3646 1314 3691 et

255 3707 262 3742 ¹
275 3707 411 3764 ΑΜΊΝ
420 3714 444 3759 tl
455 3706 601 3771 ΡΜᾸΜ]
621 3708 685 3760 0⁰1¹!
697 3710 747 3762 ΡΟ·
787 3721 882 3785 Dictys
893 3717 1041 3781 nonaginta.

220 3783 400 3840 etiamalio,
419 3792 446 3835 et
460 3785 559 3836 Clanio.
591 3785 635 3836 lta
652 3786 748 3838 Homa-
819 3802 838 3827 ¹
854 3793 961 3843 Nmibsu
972 3789 1338 3856 XXXV11.]Eomernaat·

221 3873 276 3919 rar,
287 3865 315 3908 at
326 3874 358 3908 ex
370 3874 402 3908 aa
415 3861 516 3924 Dictys.
627 3922 631 3927 Ι
787 3868 881 3930 Dictys
891 3866 1071 3932 quaaraginta.

252 3932 264 3967 Ι
278 3933 346 3997 ,ἤιε
358 3934 516 3998 Telamonius]
541 3935 599 3985 Non
615 3937 690 3986 rideo
700 3951 747 3987 cnr
818 3951 830 3975 ²
847 3942 955 3992 Nauibus
966 3941 1015 4005 X.]
1035 3941 1152 3992 Naribus
1164 3954 1203 3991 ιι.
1216 3940 1312 3991 Heme·

218 4010 262 4061 hic
283 4010 356 4060 dicat
382 4011 501 4073 Ajacem,
521 4008 744 4075 Amphimachum,
785 4017 977 4081 ruretllietyr.

219 4086 340 4146 Dioren,
367 4084 504 4146 Thalpium
533 4091 560 4133 at
585 4085 745 4149 Polyaenum
817 4101 830 4126 ⁰
847 4094 955 4143 Navitas
964 4089 1102 4152 xxxin]
1129 4089 1245 4153 Triginta
1256 4096 1312 4139 tan·

217 4172 305 4210 secam
322 4158 425 4207 duxisse
440 4172 499 4207 cunr
515 4159 622 4217 naribus
637 4163 746 4225 unedre-
788 4176 841 4218 lum
855 4177 954 4232 pauent
964 4166 1072 4217 Homer.
1083 4175 1111 4214 et
1124 4166 1227 4229 Dictys.

219 4236 301 4299 ginta.
333 4233 502 4284 Eallomere
518 4233 584 4282 euim
598 4232 746 4295 djaaTela-
818 4239 1034 4303 ersulx.]
1056 4240 1109 4291 Alii
1124 4244 1184 4289 ecte.
1204 4240 1311 4291 Homer.

220 4306 746 4376 mouiusnarerdualtdnudecim,atqua·
787 4320 930 4384 ernierye.
1183 4332 1188 4339 ·
