3176 4976
302 414 366 480 508
699 424 851 472 rosaenr
877 424 1001 470 rscsnr

304 570 505 635 Dissimilem
521 576 647 651 sperat,
662 566 797 641 haerent,
813 566 1001 649 audentque
1018 572 1220 650 paventque,
1338 630 1343 639 ,

303 671 505 752 Alternoque
521 676 634 732 truces
649 666 827 751 obliquant
839 667 963 731 lumine
979 667 1099 731 vultus.

345 771 441 835 Ilicet
454 771 489 834 in
502 769 638 853 patulos
654 771 745 834 acies
758 768 948 833 diffunditur
962 788 1058 849 agros

300 872 472 954 Argolica,
487 877 521 937 et
535 891 602 955 quo
617 878 728 937 castra
741 871 816 950 situ,
832 890 901 953 quo
915 870 1017 932 milite
1033 876 1116 948 tuta,

303 971 372 1051 Qui
386 980 520 1038 teneant
530 983 659 1057 portus,
674 971 751 1037 belli
765 972 952 1037 moderator
966 969 1128 1035 Atrides·

306 1074 451 1157 Digerit:
473 1075 529 1139 ille
544 1075 662 1139 iterum
678 1074 785 1156 raptis
799 1074 842 1138 ad
858 1073 1003 1138 classica
1018 1074 1136 1137 turmis

304 1174 444 1241 Orditur
457 1195 598 1259 pugnas,
607 1175 747 1259 jamque
760 1174 882 1240 amula
897 1174 1011 1256 prodit
1024 1175 1059 1238 in
1074 1193 1155 1239 arra

305 1276 478 1342 Bellatura
491 1277 627 1342 cohors:
650 1284 768 1342 contra
779 1274 847 1360 (sic
860 1275 1007 1358 impetus
1023 1272 1132 1358 urget)
1325 1277 1391 1342 226

307 1376 338 1441 N
342 1397 386 1443 on
400 1379 566 1443 defensuri
578 1382 757 1462 properant
770 1375 929 1460 Phryges,
946 1383 1047 1458 atque
1064 1394 1128 1458 ope
1140 1382 1253 1457 spreta

249 1531 252 1537 .
305 1475 415 1555 Quam
426 1484 530 1544 turres
544 1480 699 1563 murique
712 1478 848 1554 dabant,
864 1495 940 1542 sese
954 1476 1107 1541 hostibus
1121 1476 1208 1541 ultro

306 1579 531 1645 Dardanidum
547 1583 653 1664 pubes
666 1585 790 1662 aequat,
804 1577 995 1660 bellumque
1005 1576 1147 1642 lacessit

307 1680 391 1762 lpsa
404 1682 506 1765 prior,
521 1681 605 1746 nulli
615 1681 686 1764 jam
698 1698 900 1763 responsura
914 1678 1056 1745 vocanti.

349 1781 397 1847 Ut
410 1783 476 1873 sibi
490 1782 625 1848 distitiis
641 1784 735 1863 acies
751 1780 864 1846 vicina
877 1781 1074 1865 propinquis
1326 1782 1391 1848 230

308 1881 348 1946 Et
363 1892 486 1966 campo
498 1884 653 1966 propiore
667 1884 774 1961 stetit,
788 1901 852 1946 non
864 1882 996 1964 ignibus
1012 1882 1113 1947 AEtna

306 1983 442 2068 Ruptis‚
452 2004 516 2048 non
531 1984 672 2067 geminis
689 1983 837 2050 Isthmos
851 1985 1000 2049 lacerata
1013 1984 1184 2069 procellis,

308 2083 385 2149 Non
402 2086 452 2151 sic
468 2085 686 2171 Hippotades
700 2088 804 2151 antris
818 2086 936 2151 fremit.
979 2085 1144 2152 Omnibus
1159 2106 1264 2153 ausus

305 2185 425 2269 Auget,
440 2196 474 2252 et
483 2187 633 2253 accendit
643 2189 724 2261 iram
739 2186 868 2269 fragor:
891 2188 1046 2271 improba
1059 2187 1189 2253 nullum

308 2288 496 2354 Frustratur
511 2289 587 2354 belli
602 2290 715 2354 virtus.
758 2287 1044 2374 Aurigajugales,
1328 2291 1393 2358 235

307 2387 419 2475 Seque
434 2391 538 2473 pedes
552 2390 722 2455 stimulat:
741 2391 812 2475 jam
828 2391 962 2457 dextras
978 2391 1121 2476 undique
1134 2391 1288 2466 miscent,

307 2486 352 2551 Et
364 2491 484 2572 quaerit
498 2491 562 2555 sihi
576 2494 716 2576 quisque
730 2511 865 2575 parem:
887 2512 979 2578 saepe
995 2494 1121 2576 impare
1138 2511 1250 2576 pugna

308 2587 377 2653 Aut
392 2592 448 2655 uni
460 2592 584 2674 plures,
599 2597 658 2657 aut
669 2593 821 2676 pluribus
836 2596 953 2661 obviat
967 2613 1068 2659 uuus.

292 2690 442 2775 ,Aspera
451 2693 523 2777 jam
539 2697 670 2759 cunctis
681 2696 770 2761 calet
784 2697 845 2775 ira,
861 2698 1060 2781 bipennibus
1071 2715 1168 2761 enses

309 2791 528 2874 (domandum,
544 2796 649 2863 hastae
656 2799 795 2882 jaculis,
809 2797 1009 2881 glandesque
1024 2798 1164 2877 sagittis.
1327 2794 1393 2856 240

351 2895 440 2961 Ecce
455 2896 680 2965 Menoetiades
695 2899 846 2964 Chironis
860 2917 940 2963 cura
954 2895 1112 2970 secunda,

795 3082 902 3134 NOTAE

339 3200 388 3247 28⁰
407 3196 441 3246 Ut
458 3197 505 3247 eibi
521 3197 633 3261 diuitiis]
657 3198 694 3248 Ut
714 3196 827 3248 interni·
867 3189 1041 3257 amiteque!
1067 3187 1392 3256 Papininrr‘Cnltorlon

309 3272 382 3334 tiurn,
401 3274 436 3322 itu
453 3273 579 3323 dictitium
599 3272 701 3324 lornei.
733 3273 827 3322 Lucre·
869 3271 947 3325 Piae.
972 3262 1099 3323 cultorem
1126 3267 1252 3332 Daphnea
1270 3264 1394 3330 Cyrrhae!

307 3348 372 3398 tiuar
390 3349 538 3414 ‘Tantaque
556 3349 580 3398 in
599 3349 636 3398 hir
648 3350 722 3399 rebus
732 3346 829 3429 disten·
868 3348 986 3412 Uterque
1020 3360 1109 3397 versor
1143 3357 1234 3407 mque
1261 3341 1395 3404 scaligero

308 3420 530 3488 tirdiiieritssque
541 3424 600 3475 err!
869 3421 998 3472 laudatur.
1027 3421 1103 3471 'l'rler
1115 3419 1189 3469 malti
1205 3417 1318 3467 minacis
1331 3417 1395 3467 Ori·

340 3499 388 3544 2³1
408 3497 441 3546 Et
458 3514 542 3562 cumpo
557 3499 664 3562 popam
678 3498 758 3562 aaa]
788 3499 832 3548 Sic
869 3498 964 3561 disne,
982 3499 1007 3548 in
1027 3496 1119 3563 quihus
1136 3493 1249 3544 rotunda
1262 3490 1395 3552 συμπυιή.

309 3582 347 3620 rr.
357 3572 365 3598 ⁴
375 3570 410 3619 Et
422 3572 521 3622 medius
531 3573 659 3623 decrescit
669 3573 749 3636 ager!
780 3573 832 3624 Pa·
871 3575 981 3625 Metam.
996 3586 1034 3624 rr.
1051 3577 1059 3601 ⁴
1069 3572 1165 3622 Umbra
1175 3570 1223 3619 riri
1234 3569 1288 3619 rire
1298 3577 1349 3629 ert,
1360 3569 1395 3617 ri-

309 3646 363 3707 pin.
375 3657 435 3696 rur.
444 3650 451 3675 ‘
461 3647 622 3714 mediumque
632 3648 721 3699 rident
731 3649 834 3701 decret·
870 3666 926 3703 ram
938 3651 995 3702 fers
1006 3648 1081 3700 serit
1091 3649 1115 3697 in
1129 3644 1261 3697 umbram'
1287 3645 1394 3695 ldetsrn.

307 3733 367 3769 cere
385 3722 519 3785 campum)
562 3723 720 3776 Claudianus
739 3722 833 3775 Rollin·
870 3723 1151 3789 nascentemque
1170 3722 1283 3772 bahent?
1304 3734 1337 3770 an
1354 3719 1397 3769 ha·

308 3809 341 3847 u.
358 3796 525 3849 ‘decrescere
535 3814 641 3863 campus
653 3799 768 3866 Incipit.'
872 3803 936 3853 beot
951 3808 979 3852 et
997 3800 1094 3851 somnia
1111 3796 1237 3863 ponduri'
1253 3798 1279 3846 in
1297 3796 1395 3846 Fastis:

340 3878 389 3924 2⁸2
412 3874 470 3925 Nea
488 3875 592 3937 geminis
610 3877 713 3928 luteres
730 3879 834 3927 mersis
871 3877 1014 3929 ‘Uandier
1027 3875 1118 3925 Fabios
1136 3874 1169 3924 sd
1182 3873 1278 3924 bellum
1289 3872 1396 3922 miseret

306 3949 425 4013 procella]
441 3950 535 4013 Papio.
554 3963 573 3999 r.
590 3951 671 4004 Theb.
688 3955 731 4003 ‘et
741 3953 769 4002 in
779 3965 832 4002 me·
872 3965 967 4003 omnes.
979 3949 1122 4001 Adbellum
1131 3950 1220 4000 minor
1228 3947 1397 4013 perdiditrurs

306 4027 356 4077 diis
367 4028 439 4078 audit
449 4027 501 4077 duc
512 4026 601 4075 littora
611 4030 727 4093 eampis:
872 4027 945 4079 diea'
965 4029 974 4055 ‘
986 4025 1071 4076 lactat
1091 4040 1179 4077 amans
1200 4023 1279 4075 bostis
1300 4025 1395 4089 pretio,

340 4104 389 4150 2⁸8
404 4104 456 4152 Ast
472 4102 831 4169 animumanimumum
873 4102 1053 4170 precibusque,
1070 4102 1213 4168 remaque:
1231 4099 1289 4151 Nee
1308 4114 1394 4164 prece,

308 4173 359 4222 M
377 4177 449 4239 κω]
477 4174 675 4239 ’sommam
695 4190 723 4231 ιι
743 4180 831 4231 Ovidii
872 4182 1027 4247 receptorio,
1040 4177 1343 4232 necueretiliemiairl

308 4246 387 4304 illude
400 4251 706 4318 ‘eederejmrrrsqmm
712 4257 833 4319 jussare-
