3200 4972
491 415 843 469 peramoenum
868 418 1018 469 ursana.
1229 407 1294 473 328

206 570 312 638 eatur,
322 566 356 627 et
368 562 462 643 parri
474 562 585 628 facere
600 561 698 644 eujus
712 559 748 625 id
760 579 826 644 ope
841 560 910 628 tiat-
936 560 961 627 J
964 556 1044 626 ubet
1055 560 1177 642 dicere,
1193 564 1223 628 si
1237 568 1295 631 eui

207 663 287 748 quid
301 663 446 747 placeat.
464 714 467 719 .
488 662 691 727 Palamedes
706 661 867 745 procedit,
891 681 988 726 suoru
1001 663 1165 744 ingenium
1181 672 1296 730 osten-

207 765 267 830 dit·
311 764 431 848 ltaque
446 762 563 845 Argivi
576 763 752 847 imperium
765 763 797 827 ei
811 762 965 828 tradunt-⁰
1009 764 1208 830 Palamedes
1231 766 1296 832 Ar-

207 867 293 948 givis
305 867 428 949 gratias
442 864 522 947 agit,
543 864 719 948 imperium
733 864 868 948 accipit,
882 864 1104 931 administrat.
1148 863 1296 933 Achilles

208 957 525 1050 vituperat'imparii
551 965 857 1030 commutationem.
901 964 982 1045 [Sd]
1004 966 1138 1031 Interea
1151 966 1295 1034 induciae

210 1072 361 1132 exeunt?
404 1065 605 1131 Palamedes
620 1070 770 1130 amatum
785 1070 1004 1148 paratumque
1016 1067 1200 1132 exereitum
1218 1068 1298 1132 edu·

214 1169 271 1244 eit,
286 1167 425 1243 instruit,
439 1165 602 1230 hortatur.
647 1163 774 1229 Contra
786 1164 873 1229 idem
887 1165 970 1230 facit
978 1166 1179 1249 Deiphobus
1192 1188 1200 1231 :
1216 1188 1298 1252 pug⁶

210 1264 647 1349 naturaeriteraTrojanis.
691 1262 867 1347 Sarpedon
891 1258 1017 1349 Lycius
1040 1285 1113 1331 eum
1139 1269 1212 1332 anis
1235 1269 1297 1334 im·

212 1368 419 1454 pressionem
432 1366 468 1429 iu
482 1364 627 1448 Argivos
641 1363 736 1442 facit,
752 1364 865 1444 eredit,
884 1368 1062 1449 prosternit
1075 1369 1212 1434 multos.
1257 1371 1297 1436 Ei

210 1469 331 1533 obrius
345 1467 385 1531 fit
398 1467 616 1550 Tlepolemus
630 1466 788 1532 Rbodius
801 1475 831 1529 :⁹
852 1466 914 1532 sed
930 1467 988 1533 din
1013 1470 1132 1535 stando
1155 1478 1191 1536 et
1215 1492 1298 1556 pug-

209 1569 320 1633 naudo
336 1568 423 1633 mule
433 1568 645 1633 vulneratus‘
660 1568 769 1632 eadit.
816 1567 976 1633 Suooedit
989 1567 1110 1636 Perses
1124 1570 1297 1638 Admestre
1345 1610 1349 1615 -

209 1669 323 1749 lilius,s
344 1670 497 1753 praelium
509 1660 675 1735 restituit:
697 1670 917 1761 dinqueqenuxr
940 1669 1133 1753 Sarpedone
1148 1675 1298 1738 eominus

209 1772 386 1855 pugnando
408 1772 583 1836 occiditur.
626 1770 802 1853 Sarpedon
824 1789 960 1853 quoque
984 1773 1169 1837 multatus·
1192 1775 1299 1839 rediit.

210 1869 330 1955 Itaque
352 1891 411 1954 per
432 1872 560 1954 aliquot
580 1870 653 1935 dies
674 1871 793 1953 praelia
813 1870 907 1934 liunt.
955 1868 1129 1954 Utrimque
1141 1872 1298 1940 ductores

209 1971 417 2045 occiduntur,
432 1970 492 2032 sed
507 1970 619 2051 plures
635 1987 654 2032 a
670 1969 818 2032 Priamo.
844 1967 998 2051 ,Trojmi
1012 1972 1152 2035 mittunt
1164 1973 1301 2053 legatos,

210 2068 364 2132 inducias
377 2074 504 2149 petunt,
514 2074 551 2132 ut
563 2074 713 2133 mortuos
729 2068 905 2150 sepeliant,
919 2069 1053 2133 saucios
1064 2079 1191 2135 eareat.
1233 2072 1301 2137 Pa-

210 2164 361 2232 lamedes
373 2164 653 2248 Agamemnonem
668 2167 811 2249 legatum
825 2168 944 2232 mittit‘
968 2167 1011 2232 ad
1025 2168 1208 2234 Thesidae:
1232 2171 1301 2236 De·

212 2264 449 2348 mophoontem
476 2272 509 2330 et
536 2263 781 2342 Athamantem,
808 2284 898 2348 quos
922 2264 1058 2350 legatos
1075 2267 1301 2352 Agamemnon

201 2359 418 2449 praefecerat,
433 2375 472 2429 ut
493 2375 701 2433 commeatus
719 2374 962 2450 compararent,
987 2375 1021 2434 et
1041 2369 1237 2433 frumentum
1257 2368 1300 2433 de

211 2464 326 2549 Mysia
339 2485 361 2531 a
375 2465 527 2550 Telepho
543 2472 719 2551 aooeptum
735 2473 980 2550 supportarent.
1017 2467 1064 2535 Ut
1076 2488 1119 2534 eo
1134 2470 1234 2547 venit,
1248 2488 1300 2535 se·

669 2626 846 2650 mmo

245 2722 260 2752 ⁴
276 2723 318 2775 Sic
329 2722 389 2776 edd.
400 2740 463 2791 quas
473 2724 651 2792 inspeximusr
668 2727 713 2779 sed
724 2723 889 2779 scribendam
901 2728 1022 2777 mam

701 2868 811 2921 ΝΟΤΒ

244 2972 255 2997 ⁰
272 2965 356 3029 [lapse
365 2964 454 3028 Argiai
461 2965 585 3028 inparis·
596 2965 619 3015 ea'
630 2964 739 3028 Mass]
777 2963 934 3014 vulneratus.

212 3039 245 3088 ld
263 3047 353 3089 contra
372 3052 460 3088 reram
478 3039 633 3090 mamutium
656 3040 738 3088 Dares
809 3037 1047 3088 ‘Peraesddssasts
1049 3035 1132 3103 filies]
1152 3033 1204 3086 Sed
1215 3051 1303 3102 supra,

213 3112 325 3177 scripsit.
346 3112 398 3165 Sed
410 3112 443 3163 de
452 3113 502 3163 hoe
508 3113 564 3176 jam
576 3114 658 3163 mults
669 3111 737 3176 apud
778 3113 885 3163 Persem
897 3111 1024 3177 quendam
1041 3111 1186 3163 Memnonis
1197 3110 1303 3167 serlum,

214 3185 323 3251 Dietyn.
777 3187 844 3236 inter
859 3200 904 3236 eos
923 3186 965 3251 qui
975 3185 1144 3249 Trojauorarn
1160 3189 1248 3247 parles
1263 3197 1303 3235 se·

245 3260 483 3325 vladsetessnsrt]
501 3261 738 3314 Neseiosulatine
778 3260 923 3325 qaebsnmr
951 3258 1148 3310 annumerarita
1174 3257 1301 3323 quemme

216 3332 267 3379 dict
290 3335 379 3396 posuit,
401 3335 532 3386 ‘inducia
555 3337 670 3397 essunt,'
692 3351 738 3402 pro
778 3336 858 3399 igitar
876 3335 919 3385 hie
937 3337 1040 3399 ineptas
1060 3334 1171 3398 scriptor
1188 3347 1246 3384 eum
1265 3334 1301 3385 alt

216 3406 343 3457 ‘ludariae
352 3408 475 3459 dulantur
485 3409 502 3459 τ’
518 3423 603 3475 neque
613 3413 680 3461 enim
690 3413 739 3461 La.
778 3410 920 3474 Tlepolemi
930 3410 1000 3462 sicea
1012 3409 1155 3474 suscepisse
1170 3416 1198 3460 et
1214 3417 1302 3461 eontra

216 3480 270 3530 tine
280 3481 402 3543 dicerem,
414 3483 484 3532 ‘exit
494 3481 566 3531 diaa’
577 3498 623 3545 pro
635 3485 740 3550 eoquod
779 3487 953 3553 Sarpedonem
965 3477 1112 3551 pugnasse?
1139 3485 1218 3537 Nulla
1229 3494 1302 3537 certe

216 3555 332 3606 Catullus
342 3556 418 3619 dislt,
427 3561 435 3587 ‘
443 3556 499 3607 abit
510 3555 583 3607 diea'
781 3562 883 3627 pagins,
893 3560 937 3612 alst
947 3574 998 3610 uon
1009 3561 1115 3611 Daretis
1122 3559 1250 3624 judicium
1261 3574 1302 3612 re·

247 3630 445 3697 *Etodrisefit
461 3632 604 3696 Tlepolemus
622 3632 740 3697 Rhodias]
778 3636 873 3700 quires.

217 3705 331 3757 Mutavit
343 3705 740 3769 sallom.lllsd.t.·l'aus6arssa
808 3713 819 3746 t
834 3711 969 3761 Palamedes
984 3711 1181 3772 Agamus
1198 3715 1303 3776 hermas

215 3781 235 3828 t·
252 3781 468 3847 'Hammonem
479 3801 507 3834 re
519 3781 740 3848 mesra'npres
777 3785 865 3848 atem]
891 3788 986 3835 lteram
1004 3787 1190 3838 vicissitudines
1200 3789 1303 3848 mirera,

216 3855 253 3904 δι’
273 3855 370 3919 berete
389 3859 517 3922 :semum
542 3863 611 3925 μοῖρα
632 3862 738 3925 emata.
779 3864 870 3912 laetor.
890 3860 1089 3924 ‘Hiueaploem
1101 3877 1182 3926 rapax
1191 3864 1303 3912 Fortuna

215 3931 407 3996 ‘Tlepolemum
424 3948 484 3984 sero
495 3922 670 3999 Heraclidem,
687 3935 739 3986 for·
778 3948 836 3985 eam
852 3935 961 3985 stridore
977 3941 1053 3985 sento
1068 3937 1188 3999 sustulit,
1204 3936 1246 3985 hle
1257 3944 1303 3997 po·

216 4014 319 4073 temque
335 4022 514 4073 magnumque,
527 4009 633 4072 lmpullt
647 4010 739 4061 adser-
775 4009 859 4060 salsae
869 4008 982 4074 gaudet’
1003 4009 1187 4074 Agamemnon,
1199 4010 1303 4058 immen-

215 4094 259 4130 sus
275 4080 389 4131 divinum
404 4081 578 4146 Sarpedonem
588 4082 670 4135 satum
685 4084 738 4135 sio·
779 4084 801 4133 sl
812 4086 942 4135 exereitus
952 4084 1028 4135 modo
1041 4100 1097 4148 rea,
1107 4100 1176 4136 nune
1187 4083 1303 4134 Palame-

215 4155 333 4205 lentum.'
765 4156 936 4229 ‚dlslegatua
966 4159 1160 4209 Ossaameas!

246 4230 341 4282 'Male
350 4229 497 4294 mass]
520 4229 552 4282 ld
567 4238 618 4296 est,
629 4233 740 4301 sasaime
885 4240 888 4241 ’
