3010 4978
430 300 477 349 us
497 296 678 353 nrsrosrs
703 296 818 347 satur
840 294 1018 349 rsuram.
1220 286 1263 351 53

160 450 299 521 idcirco
312 452 462 536 suspicer
481 451 596 528 ferme,
619 448 768 514 lrliellum
781 443 880 526 hunc,
894 448 954 531 qui
980 452 1109 512 tantam
1125 467 1198 530 pree
1224 470 1262 517 se

161 555 298 620 larebat
307 553 555 638 antiquitatem,
570 557 606 617 et
626 551 740 634 inquo
762 550 856 617 varia
870 548 1057 614 Historicae
1077 548 1157 613 fidei
1172 569 1262 632 prae-

163 660 263 720 textu
277 659 506 721 memorantur
519 652 664 729 oracula,
678 650 849 727 runcinis,
870 648 1034 733 prodigia,
1050 656 1172 715 eventu
1198 671 1263 717 suo

164 756 317 831 firmata,
330 754 440 818 multa
453 753 552 817 etiam
574 753 728 820 vindicta
750 753 899 818 Deorum
914 750 1131 815 Ethnicorum
1145 750 1181 817 iu
1195 751 1261 819 im.

161 856 249 939 pios
265 859 300 919 et
314 854 371 919 sui
381 860 602 923 contemtores
615 853 781 937 exempla,
794 853 900 919 veluti
912 854 949 917 in
964 851 1259 934 Agamemnonem,

164 957 230 1040 qui
253 955 377 1021 Dianae
391 972 525 1038 capram
532 953 658 1039 jaculis
670 955 871 1020 confixerat:
892 954 927 1017 iu
942 951 1095 1031 Groecos,
1111 951 1260 1038 Chrysen

164 1054 375 1123 sncoedotem
389 1055 557 1139 Apollinis
570 1060 809 1140 aspernantes:
832 1057 866 1120 in
888 1053 1004 1130 Parin,
1019 1055 1077 1136 qni
1091 1052 1259 1123 Achillem

162 1157 207 1222 ml
222 1175 316 1223 uram
327 1154 501 1241 Apollinis
512 1156 700 1225 occiderat:
722 1157 756 1221 in
768 1155 911 1222 Grecos
931 1156 1061 1234 iterum,
1076 1155 1188 1220 omnia
1202 1174 1260 1220 sa·

158 1276 216 1323 cra
229 1256 390 1323 incendio
403 1255 553 1342 Trojano
568 1257 749 1335 violantes,
763 1255 859 1320 illum
874 1275 952 1339 ergo
974 1256 1120 1321 libellum
1136 1275 1157 1320 a
1172 1254 1259 1339 Sep·

158 1359 254 1425 timio
276 1365 360 1424 tunc
382 1375 425 1422 eo
444 1357 663 1442 potissimum
688 1357 802 1423 animo
830 1374 977 1436 rusum,
992 1357 1148 1425 utveluti
1174 1358 1259 1423 anti-

162 1459 317 1542 quissimi
327 1460 491 1541 temporis
504 1458 656 1537 historia,
672 1460 717 1525 ab
737 1458 874 1524 homine
886 1460 1031 1524 omnium
1045 1477 1154 1525 rerum
1169 1464 1258 1531 teste

164 1567 202 1625 et
214 1559 336 1624 arbitro
357 1559 562 1643 conscripta,
576 1578 618 1625 ac
640 1559 790 1625 Deorum
810 1558 1026 1624 Ethnicorum
1048 1557 1257 1642 majestatem

159 1665 196 1725 et
218 1660 402 1743 potentiam
430 1668 482 1725 tot
505 1660 672 1744 exemplis
695 1679 862 1738 merens,
886 1658 1051 1725 Historia
1080 1659 1194 1727 Sacrae
1220 1670 1260 1727 st

159 1758 366 1826 Christianis
390 1760 547 1826 initalia
568 1780 612 1827 nc
631 1761 715 1826 urbe
729 1760 841 1829 Roma
854 1765 1091 1843 opponeretur.
1131 1758 1186 1828 Ac
1199 1781 1257 1828 ne·

160 1861 237 1926 scio
267 1880 314 1925 au
336 1861 405 1925 tale
424 1860 508 1944 quid
528 1861 563 1925 in
583 1860 650 1927 line
672 1860 837 1945 Epistulae
863 1860 1079 1944 Sepumina
1099 1861 1256 1944 extiterit,

167 1961 262 2043 quon
272 1961 405 2026 librarii
416 1960 574 2045 ‹lcinceps
588 1962 771 2027 Christiani
783 1962 931 2028 consulto
945 1961 1125 2028 omiserint.
1159 1961 1258 2033 certa

171 2059 307 2141 aliquid
319 2059 418 2123 istinc
445 2060 599 2123 extitisse
621 2061 764 2139 ridetur,
785 2062 875 2144 quod
899 2062 935 2129 iu
959 2060 1101 2145 legendo
1130 2062 1257 2150 Diotyu

172 2158 362 2241 Septimius
382 2156 540 2224 Rufinum
568 2166 602 2224 et
629 2159 716 2225 alios
736 2160 878 2227 lectores
903 2165 1118 2247 potissimum
1140 2174 1258 2241 notm

168 2258 331 2325 voluerit.

189 2375 371 2424 ·xxxv11.
393 2358 608 2446 Quapropter
623 2363 710 2428 haud
722 2363 772 2428 itu
785 2362 886 2430 facile
900 2366 1097 2432 accesserim
1111 2364 1254 2449 Vossio,

159 2462 220 2546 qui
243 2461 444 2544 Septimium
467 2462 624 2529 ‘saeculis
643 2466 776 2550 aliquot
801 2475 882 2550 post
905 2465 1114 2533 Constantini
1141 2489 1254 2537 mrum

159 2562 292 2629 vixisse
308 2561 445 2641 censet'
465 2563 525 2628 sed
539 2565 638 2630 nullis
660 2565 760 2650 plane
784 2568 971 2633 rationibus
991 2568 1027 2633 iu
1040 2567 1190 2635 medium
1203 2570 1254 2636 al·

153 2662 251 2731 latis.
292 2662 410 2729 Josias
424 2663 596 2729 Mercerus
616 2673 697 2749 post
711 2664 969 2733 Constantinum
987 2688 1121 2755 quoqne
1147 2673 1255 2755 scrip-

153 2765 249 2829 sisse
263 2768 374 2848 putat,
389 2764 448 2829 sed
463 2764 550 2829 futili
562 2784 700 2849 prorsus
715 2775 920 2850 argumento,
935 2769 1016 2851 qnia
1030 2773 1153 2838 scilia
1167 2772 1254 2840 Pro-

149 2864 238 2948 logo
259 2864 347 2929 liber
366 2863 462 2930 hicce
479 2871 630 2950 tempure
644 2865 796 2931 Neronis
809 2867 967 2930 iuventus
981 2867 1024 2933 ati
1039 2870 1149 2937 erate
1163 2870 1252 2939 eon-

148 2965 307 3032 suiarurn
331 2965 481 3050 perlatus
505 2966 640 3044 dicitur,
652 2985 730 3049 quar
746 2964 985 3030 Consularium
1007 2967 1042 3031 in
1061 2967 1254 3053 Provinciis

150 3064 346 3151 appellatio
361 3064 846 3149 amantissimorum.
889 3062 960 3129 Sed
972 3062 1094 3130 salsum
1107 3065 1256 3135 hocesse

147 3167 273 3233 multis
304 3167 464 3252 probavit
498 3165 648 3232 Mercuri
663 3184 761 3250 gener
796 3165 959 3233 Claudius
994 3166 1185 3232 Salmasius
1209 3171 1256 3235 arl

152 3267 325 3350 Spartiaoi
348 3266 561 3333 Hadrianum
584 3266 684 3335 affl.
706 3268 833 3352 etjam
846 3272 921 3337 unte
934 3266 1022 3335 huuc
1035 3267 1150 3336 Guido
1163 3269 1254 3339 Pan-

159 3368 293 3432 ra‘rcllus
306 3367 352 3433 orl
368 3366 537 3434 Notitiam
553 3367 691 3452 Imperii
706 3367 854 3435 Orientis
866 3368 942 3435 lec.

204 3481 384 3533 xxxvrn.
405 3467 526 3551 Longe
539 3477 649 3534 autem
665 3471 794 3555 turpius
807 3490 844 3535 se
856 3469 1026 3539 deditirac
1040 3472 1076 3538 in
1089 3492 1124 3539 re
1137 3474 1250 3561 casp.

162 3564 348 3649 Scioppius
373 3566 568 3634 Paradoxis
589 3569 764 3637 litorariis
787 3571 852 3656 Ep·
865 3575 897 3639 5.
918 3570 975 3639 ubi
995 3574 1082 3641 hauc
1103 3576 1249 3662 Diotyos

160 3662 351 3732 Historiam
364 3673 375 3703 ‘
387 3669 432 3735 ad
447 3668 635 3735 Cornelium
649 3670 816 3756 Nepotem
831 3679 866 3739 et
877 3673 953 3758 ejus
966 3675 1043 3759 styli
1058 3676 1252 3744 similitudi·

156 3785 243 3833 nem
270 3767 419 3848 proxime
439 3767 621 3836 accedere’
641 3771 700 3851 ait,
715 3778 750 3837 et
772 3773 930 3843 ‘omnino
958 3771 1095 3854 Velleii,
1118 3775 1251 3851 Valerii

157 3864 330 3942 Maximi,
341 3872 374 3930 et
384 3866 483 3937 curii
496 3876 595 3938 astate
616 3873 660 3939 ab
675 3873 838 3959 elegantis
860 3874 981 3960 ingenii
992 3873 1128 3965 homine
1140 3879 1250 3964 scrip·
1316 3875 1321 3889 ’

157 3963 252 4033 tum'
266 3966 447 4034 contendit
489 3969 632 4040 Videtur
643 3994 720 4059 ergo
732 3981 770 4044 et
781 3976 839 4042 ille
851 3977 1078 4055 existimuse,
1092 3995 1158 4043 nou
1170 3998 1251 4045 esso

154 4086 297 4139 versam
325 4085 371 4134 ex
395 4066 523 4153 Graeco,
539 4075 600 4142 sed
627 4076 747 4145 latine
768 4079 926 4162 primitus
949 4077 1185 4160 compositam,
1212 4076 1249 4146 id
