3010 4978
265 418 310 481 70
698 426 785 473 auo.
807 424 920 473 surus

266 580 381 644 Senec.
396 574 566 658 Apmem.
580 572 657 638 527.
670 572 767 656 Virg.
785 591 811 639 1.
826 574 903 638 AEn.
917 574 972 639 45.
995 574 1097 641 Ouid.
1119 575 1155 639 in
1178 572 1264 651 Ibin,
1277 572 1353 639 339.

267 677 389 743 Horat.
406 691 446 738 x.
470 672 578 756 Epod.
593 675 645 737 14.
673 669 770 738 Unde
785 674 903 751 Silius,
919 690 1000 739 xlv·
1016 675 1133 741 Punic.
1147 673 1225 740 480.

351 773 475 852 Qualis
487 773 630 851 Oilides,
645 774 768 840 fulmen
778 775 948 859 jaculante·
965 776 1115 840 Minerua

351 873 528 955 Surgentes
542 873 672 938 domuit
686 873 809 939 fluctus
823 875 1013 941 ardentibus
1027 877 1125 941 ulnis.

265 977 363 1043 Licet
376 974 585 1057 naufragium
600 982 750 1041 enatasse
765 996 841 1042 eum
855 977 947 1040 dicet
958 977 1109 1041 ‘limenun
1124 976 1265 1052 Locrus,
1282 992 1322 1039 ιι.

307 1076 411 1142 Hunc
426 1093 505 1140 vero
527 1094 572 1139 ex
588 1076 742 1141 omuibus
756 1077 950 1142 Graecorum
970 1077 1125 1154 ducibus,
1139 1077 1206 1160 qui·
1219 1074 1353 1159 Trojam

267 1194 512 1261 oppugnavere,
542 1175 633 1259 apud
661 1176 786 1242 interos
814 1178 957 1260 torqueri
984 1185 1017 1242 et
1044 1177 1229 1243 excmciari
1255 1176 1355 1241 docet

265 1277 405 1343 Lucian.
409 1277 516 1341 Hist.
530 1276 644 1355 vere,
659 1294 700 1343 ιι.

307 1379 462 1461 Denique
478 1377 597 1460 Ajecis
622 1378 723 1462 hujus
744 1381 875 1444 nostri
866 1398 975 1461 imago
1001 1387 1054 1444 est
1079 1397 1123 1443 ex
1139 1380 1353 1445 Locrensium

265 1479 487 1556 Nnmismate,
508 1478 616 1560 quod
620 1479 797 1544 exhibetur
817 1480 861 1543 ab
887 1479 979 1544 Hub.
1001 1479 1149 1558 Goltaio,
1170 1480 1280 1546 Graec
1301 1478 1354 1543 18.

253 1580 373 1665 ,qualis
393 1585 430 1644 et
448 1584 499 1643 est
526 1577 759 1661 Opuntiorum,
775 1581 868 1662 apud
888 1580 1059 1662 Begerum,
1072 1580 1232 1646 Thesunr.
1248 1580 1353 1646 Bran·

266 1681 341 1745 deb.
359 1696 383 1742 ι.
397 1680 471 1745 477.
488 1685 521 1742 et
534 1680 738 1757 nominatum
752 1679 936 1757 Goltzium,
952 1679 1040 1744 Tab.
1055 1680 1169 1743 citata.

587 1904 654 1970 VI·
698 1902 1043 1969 PHILOOTETES.

653 2034 733 2100 Lis.
749 2052 790 2100 11.
813 2035 903 2101 Car.
917 2036 972 2099 14.
1017 2020 1020 2029 ¹

265 2177 275 2207 ‘
292 2173 479 2238 Philoctete
492 2191 567 2237 cum
581 2150 710 2255 nauch,
724 2169 772 2234 nti
787 2175 968 2244 curaretur,
983 2166 1019 2230 in
1033 2166 1177 2231 insulam
1194 2166 1354 2232 Lemnum

742 2269 903 2333 mittitur!

315 2383 591 2462 anoormrs,
617 2384 767 2449 Paeantis
782 2384 882 2461 filius,
897 2383 983 2447 iuter
997 2379 1206 2464 Argonautas
1223 2400 1355 2464 qnoque

265 2483 401 2549 minime
417 2484 585 2566 ignobilis.
608 2482 687 2547 Val.
703 2483 818 2547 Flacc.
832 2480 1011 2565 Amoneut.
1026 2499 1051 2546 1.
1066 2484 1141 2547 391.

309 2583 362 2662 Εἰ,
377 2585 493 2648 comiti
507 2603 581 2659 suo,
593 2583 628 2646 in
643 2583 729 2647 OEta
742 2590 854 2647 monte
869 2581 1128 2646 concremandus
1139 2586 1289 2645 arcumet
1303 2600 1356 2644 se·

266 2684 367 2768 gittas
394 2683 532 2749 dederet
557 2682 743 2762 Hercules;
765 2683 838 2747 siue
863 2683 983 2765 quibus
1010 2681 1149 2765 'l'rojem
1166 2699 1233 2744 nou
1253 2700 1356 2763 posse

266 2784 344 2868 capi
368 2784 506 2848 oracula
533 2782 776 2867 responderant
827 2781 876 2847 At
902 2789 1136 2847 venenatamm
1164 2781 1355 2863 sagittarum

266 2903 334 2948 une
348 2884 455 2967 ipsius
468 2884 588 2967 pedem
609 2883 694 2947 sorte
710 2881 867 2946 decidens
883 2881 1059 2958 sauciavit,
1073 2879 1266 2964 Graecique,
1280 2897 1355 2943 cnm

267 3002 327 3069 per
341 2985 488 3050 dolorem
511 2985 655 3050 vulneris
668 2985 824 3067 navigare
837 3002 903 3048 non
917 2990 1046 3067 posset,
1061 3002 1136 3047 eum
1156 2982 1191 3046 iu
1213 2981 1355 3046 insulam

266 3086 414 3152 lemnon
430 3092 664 3169 exposuerunt
1343 3098 1356 3113 ·'

310 3187 525 3253 Philoctetes·
541 3188 655 3271 itaque
685 3188 832 3265 relictus,
858 3186 1003 3269 aucupio
1031 3182 1226 3269 sagittarum
1250 3182 1355 3246 vitam

135 3274 140 3283 '
267 3286 448 3352 miserrime
462 3305 654 3370 propagare,
676 3307 923 3370 pennarumque
944 3291 1103 3351 contextu
1127 3304 1248 3367 corpus
1263 3283 1356 3347 obte-

265 3403 343 3467 gere
366 3392 401 3450 et
426 3386 535 3451 velare
564 3394 700 3452 coactns
727 3389 802 3452 fuit.
845 3386 1041 3470 Sophocles,
1061 3387 1095 3449 in
1122 3385 1299 3449 Philoctet.
1322 3387 1356 3445 et

265 3472 420 3556 (omissis
431 3485 580 3564 Pindari,
594 3487 775 3567 Theocriti,
791 3488 988 3553 Philostrati
1009 3486 1186 3571 plurimum
1201 3482 1354 3548 vadenti·

266 3585 329 3648 bns
351 3585 611 3668 narrationibus)
633 3587 787 3668 Ouidius,
808 3589 941 3673 (videas
962 3594 997 3652 et
1016 3601 1104 3650 xm.
1131 3583 1269 3650 Metam.
1284 3580 1355 3664 lb.)

268 3699 304 3744 v.
317 3683 421 3748 Trist.
435 3686 466 3748 1.
487 3685 571 3767 eleg.
580 3687 613 3750 b.

394 3783 474 3849 Hoc
489 3792 562 3851 erat
577 3785 610 3849 iu
625 3788 733 3870 gelido
748 3809 851 3872 quare
864 3787 1037 3854 Poeantius
1052 3794 1149 3851 antro

438 3882 533 3949 Voce
547 3885 703 3968 fatigaret
716 3890 853 3955 lemnia
868 3905 955 3951 saxa
970 3906 1041 3952 sna.

307 3982 514 4048 Philoctetes
526 3995 639 4050 antem
653 3996 779 4065 noster,
794 3987 916 4052 sedens
930 3995 978 4064 et,
993 3988 1042 4052 nti
1052 3987 1192 4064 videtur,
1206 4004 1354 4070 conque·

263 4102 349 4162 rens,
364 4083 494 4163 Liceto,
510 4085 612 4151 immo
625 4089 727 4154 etiam
741 4089 926 4168 Gronovio,
940 4087 1190 4173 Dactyliothec.
1216 4103 1257 4150 11·
1279 4087 1355 4153 438.

265 4183 362 4252 Gom.
376 4192 427 4251 est
440 4188 536 4255 miles
550 4189 740 4272 sagittarius
766 4193 872 4258 atroci
886 4191 978 4257 bello
1001 4193 1181 4273 superstes,
1192 4187 1302 4254 nudus
1315 4196 1352 4252 et
