3176 4976
274 406 339 477 483
666 416 818 467 rossum
843 418 968 469 rscrur

276 565 493 630 Praeduturus
508 580 626 643 agros:
649 564 814 628 venientia
828 563 918 628 bella
933 562 1056 629 Caicus

275 668 409 743 Horret,
423 665 503 730 etin
518 683 619 727 voces
633 672 733 728 cantu
747 665 906 729 stridente
921 666 1076 728 remissus

274 766 411 849 Planglt
424 765 577 855 alumnus
592 767 680 829 olort
702 766 909 848 peregrinum
926 764 1076 829 Naiades
1090 765 1222 832 hostem
1298 772 1364 836 360

274 867 357 933 Nou
371 885 463 931 ausae
479 865 615 942 vidisse,
631 868 757 942 timent,
772 871 927 949 tutusque
943 867 1007 929 sub
1021 866 1120 931 undis

272 968 444 1033 Venantur
458 968 644 1049 lacrymas:
667 965 833 1050 pecudum
846 967 985 1031 lascivia
999 977 1125 1042 cessat,

273 1069 297 1133 J
300 1089 352 1133 am
368 1068 516 1132 studiosa
531 1069 640 1131 minus
662 1073 695 1131 et
705 1067 809 1143 floris,
823 1072 856 1131 et
870 1068 977 1131 amuis
991 1078 1026 1132 et
1039 1071 1185 1135 umbrae:

274 1168 411 1253 Quippe
426 1169 523 1233 ferox
538 1170 649 1245 urbes,
659 1168 794 1244 fluvios,
804 1174 837 1231 et
852 1168 979 1250 pabula
993 1171 1106 1233 turbat

274 1270 454 1334 AEacides:
477 1272 599 1354 rapitur
613 1268 774 1353 quicquid
791 1269 846 1333 vel
860 1268 971 1346 dulce,
987 1271 1040 1334 rel
1054 1290 1116 1333 usu
1296 1277 1361 1341 365

275 1370 459 1452 Egregium,
474 1370 526 1434 vel
543 1369 653 1434 Marte
663 1370 800 1452 juvans,
816 1370 869 1432 vel
885 1388 972 1451 pace
986 1370 1154 1435 decorum.

274 1471 424 1535 Cultores
432 1473 515 1556 juga
529 1478 647 1553 questu
661 1471 778 1547 boves,
793 1470 939 1551 fugiente
953 1471 1072 1534 colono

274 1572 436 1637 Decisum
451 1574 612 1637 mirantur
621 1591 720 1653 opus,
735 1572 893 1635 mirantur
906 1571 1061 1636 abactum

274 1673 379 1755 Septa
392 1692 543 1757 gregemz
564 1690 776 1756 quacumque
789 1692 909 1756 vagum
923 1673 984 1737 fert
996 1673 1141 1755 impetus
1155 1674 1295 1755 hostem,

274 1772 405 1850 Castra,
422 1793 524 1851 casae,
538 1773 635 1851 sulci,
650 1774 756 1856 sylvae
772 1779 937 1839 testantur
952 1773 1123 1838 Achillem.
1290 1779 1355 1842 370

316 1872 558 1952 ibt-Teuthras,
574 1882 753 1958 postquam
767 1873 858 1938 bella
873 1875 1113 1940 increbrescere
1127 1876 1236 1954 sentit,

273 1972 397 2039 civiles
412 1975 586 2041 miseratus
601 1994 696 2058 opes,
710 1983 745 2040 et
758 1977 897 2040 numina
910 1977 996 2040 ruris

274 2075 315 2139 ln
330 2076 478 2160 praedam
492 2078 633 2141 cessisse
645 2095 778 2152 novum,
794 2086 1009 2158 paratarma,
1024 2077 1180 2146 cohortes

273 2175 421 2255 Excitat,
434 2183 467 2242 et
481 2179 559 2244 totis
574 2179 715 2242 occurrit
730 2178 856 2241 viribus
869 2177 973 2244 hosti.

272 2277 432 2341 AEacides
447 2279 559 2344 oblata
573 2298 670 2344 novar
686 2279 857 2362 praeconia
872 2282 993 2363 palmae

272 2374 438 2455 Laetatus,
451 2382 552 2444 uariis
567 2381 708 2444 intentus
722 2381 874 2463 raptibus
886 2382 958 2445 alas

271 2474 419 2556 Colligit,
432 2477 652 2562 hostilemque
667 2481 794 2545 addens
809 2483 843 2545 in
859 2482 960 2547 rerba
975 2481 1183 2559 cachinnum,

273 2576 399 2656 Sistite,
415 2578 474 2654 ait,
490 2576 644 2645 defensor
658 2583 772 2647 adest:
795 2601 856 2647 nec
872 2583 978 2665 plura,
992 2581 1155 2666 feroxque

273 2676 389 2741 Fertur
402 2678 437 2742 ln
453 2680 625 2763 objectum
639 2683 759 2747 nimbis
773 2683 943 2747 torrentior
956 2683 1095 2761 hostem,

759 2911 870 2965 NOTAE

302 3038 350 3085 867
375 3037 401 3086 tr
412 3044 495 3088 canem
510 3039 592 3090 robore
604 3041 691 3091 Mesoa
699 3042 791 3104 predo
831 3037 906 3086 Orat.
916 3047 1013 3084 xxrrr.
1024 3047 1049 3096 p.
1057 3037 1115 3082 ost.
1123 3032 1166 3095 unt
1176 3030 1269 3082 fidicen
1277 3032 1351 3084 turre·

270 3115 336 3161 turae
353 3115 437 3179 agros]
464 3114 567 3175 Melius,
590 3118 674 3178 §nacto
701 3116 789 3164 robore.
807 3116 810 3119 ’
829 3112 864 3159 ria
880 3111 937 3173 lpse
954 3111 993 3158 rui
1012 3108 1126 3172 apoliti·
1139 3107 1253 3171 tingitur,
1270 3117 1298 3160 et
1308 3112 1351 3161 eul
1374 3140 1376 3145 ·

268 3185 402 3251 Mysorum
431 3189 537 3240 Homer.
559 3191 591 3240 lt.
616 3195 645 3240 ο.
668 3189 789 3239 memtuit.
827 3184 971 3235 nontliotur
980 3183 1148 3247 Hylasiaoli,
1160 3183 1228 3249 qnod
1238 3187 1351 3247 aeio,AE·

269 3261 442 3314 Pbllortratur
464 3265 636 3314 Protesilaum
657 3262 728 3311 addit
751 3259 787 3308 A·
828 3260 982 3321 liauua,.lul.
993 3260 1080 3310 Crater
1095 3261 1221 3324 Scaliger,
1235 3271 1263 3312 et
1274 3263 1351 3313 Boul-

268 3335 357 3399 chllll3
371 3338 563 3404 Telephumque
577 3339 611 3388 ab
624 3337 721 3387 Achille
734 3335 788 3383 rul·
828 3350 875 3385 una
893 3335 935 3386 iatl
952 3338 1053 3397 naula,
1070 3350 1121 3385 uon
1140 3335 1195 3385 tine
1211 3350 1298 3393 cauea,
1311 3351 1355 3387 oe·

267 3420 403 3474 ueratnm3
426 3420 454 3463 et
472 3429 531 3479 qma
547 3415 627 3463 multa
639 3414 666 3462 tn
686 3409 788 3460 iabultr.
829 3417 977 3462 centarunt.
1003 3409 1189 3460 ‘Vocer'rero
1203 3412 1356 3475 ‘remiaaaa,’

268 3483 343 3534 Idem
354 3486 454 3551 Myros,
463 3490 565 3554 Lycloe,
576 3496 602 3539 et
610 3489 717 3537 Peeuar
727 3486 789 3550 upa·
830 3488 867 3537 ait
878 3495 986 3552 propter
996 3487 1114 3536 morituri
1121 3488 1226 3536 umbe
1234 3487 1316 3547 phar.

267 3561 313 3617 μοῦ
328 3560 397 3610 bara
414 3564 447 3612 ad
466 3567 573 3631 'frojam
593 3565 692 3614 ventue
715 3564 791 3614 uicit.
863 3567 911 3612 867
923 3565 991 3625 dago
1007 3567 1087 3626 queem
1100 3561 1181 3623 διιιι]
1204 3563 1354 3612 Queruntur

267 3635 479 3689 NosterDaretlr
488 3649 566 3692 rento
574 3639 695 3703 navigate
706 3652 791 3705 neque
831 3640 886 3701 agri
907 3639 940 3689 de
955 3640 1026 3688 enttn
1043 3637 1195 3697 lutermiaaot
1211 3636 1280 3700 quud
1296 3651 1353 3687 curn

267 3708 403 3762 fluuiorum
417 3720 445 3763 et
457 3716 588 3780 regionum
598 3718 791 3766 enumeratione
831 3720 918 3764 errent
929 3710 1137 3771 retribuentem
1148 3719 1280 3761 vervacta.
1309 3713 1355 3762 Se·

266 3785 304 3835 tut
319 3800 377 3837 eum
394 3789 537 3841 Ptolemae
548 3805 576 3842 v.
586 3792 684 3857 Geegr.
696 3796 721 3841 2.
731 3805 789 3842 eou-
832 3790 937 3855 quentla
958 3786 1123 3835 declarantur
1144 3799 1192 3847 per
1215 3785 1355 3836 Philostra-

268 3865 347 3913 uenit.
372 3863 464 3914 Vibius
477 3867 616 3930 Sequenter
627 3884 684 3919 eum
698 3870 792 3918 Nostro
832 3872 886 3914 turn
897 3864 924 3910 tn
935 3859 1065 3921 Herolclr,
1077 3874 1102 3923 p.
1113 3864 1171 3909 ooo.

267 3937 373 3989 Caicum
384 3938 672 4003 Myriataeltflurlum.
683 3944 747 3993 llbru
758 3942 792 3991 de
862 3941 910 3987 871
934 3935 969 3984 Ar
987 3934 1114 3998 rarum]
1131 3935 1180 3983 lle
1195 3935 1353 3987 'lhentraute

235 4032 237 4037 >
266 4008 468 4079 floruimulott.
831 4014 890 4064 alde
902 4011 1033 4076 Hyginum
1043 4009 1095 4059 ne.
1106 4014 1161 4061 loo.
1176 4009 1295 4075 Apollod.
1309 4027 1352 4064 ιιι.

299 4089 348 4135 too
359 4091 791 4144 Ettauueerraatuetn'drateruarir·
831 4106 857 4154 p.
875 4093 930 4139 ltto.
946 4086 1061 4151 inprimi·
1076 4087 1227 4137 Strabonem
1246 4099 1310 4137 xrrr.
1326 4104 1353 4153 p.

265 4172 305 4207 m
316 4159 416 4223 Pleuit
426 4167 532 4215 omn
542 4167 603 4230 oter]
626 4169 723 4219 Eadem
734 4168 791 4218 fere
831 4170 889 4217 tat.
904 4169 932 4214 et
942 4164 1109 4213 Plutarchum
1122 4163 1209 4213 libello
1220 4165 1253 4215 tle
1270 4162 1351 4215 llumi·

265 4231 379 4301 loquitur
391 4235 565 4292 Narlanaeuua
575 4240 695 4296 decanto
705 4245 792 4306 oloris,
832 4244 907 4294 nlhna
923 4241 950 4292 iu
966 4238 1088 4292 ‘Caicus'
1099 4253 1125 4304 p.
1135 4241 1176 4288 88.
