3200 4972
293 396 357 462 aaz
622 417 626 423 ⁴
664 409 826 459 nannius
851 410 1009 459 aaaron

293 572 378 630 esse,
393 552 451 615 sed
468 550 727 617 Laomedontem
750 571 810 615 eos
832 553 975 634 priorem
998 554 1149 621 laesisse:
1173 558 1376 628 Antenorem

292 653 463 719 discedere
472 652 605 736 jubent.
650 651 732 717 lnde
754 652 876 737 Pylum
901 654 945 719 ad
969 657 1144 723 Nestorem
1166 662 1268 739 venit,
1291 662 1377 728 dixit

292 754 430 820 Nestori
446 753 568 837 quade
582 754 858 819 causavenisset.
900 754 969 833 Qui
984 764 1018 820 ut
1040 758 1176 836 audivit,
1198 762 1306 844 coepit
1319 766 1378 826 ob·

284 858 428 942 jurgare,
443 875 502 920 cur
516 874 625 919 ausus
635 855 679 919 sit
692 856 727 918 in
742 854 907 921 Graeciam
922 859 1044 935 venire,
1060 878 1135 922 cum
1151 880 1172 924 a
1186 861 1376 946 Phrygibus

289 959 404 1024 Graeci
419 958 510 1041 prius
524 957 600 1022 laesi
613 957 765 1021 fuissent
809 957 876 1022 Ubi
891 957 1021 1022 audivit
1036 959 1184 1026 Antenor
1205 964 1253 1027 nil
1269 965 1376 1048 impe·

289 1068 408 1137 trasse,
423 1058 712 1122 etcomumeliose
734 1057 863 1122 nacturi
878 1057 1058 1135 Priamum,
1078 1063 1190 1126 navim
1213 1083 1375 1131 conscen

290 1163 351 1238 dit,
373 1161 508 1225 domum
532 1177 683 1222 reversus
704 1165 765 1223 est
810 1160 944 1224 Priamo
968 1162 1036 1242 regi
1060 1161 1274 1243 demonstrat,
1290 1187 1375 1249 qno·

288 1263 390 1329 modo
411 1260 642 1342 unusquisque
664 1259 889 1341 responderit:
913 1267 948 1323 et
962 1260 1188 1343 quomodoab
1205 1263 1272 1326 illis
1287 1273 1375 1330 trac-

288 1372 378 1429 tatus
402 1363 466 1426 sit:
495 1359 661 1443 simulque
682 1361 833 1425 hortatus
856 1366 907 1425 est
932 1361 1111 1440 Priamum,
1134 1371 1173 1427 ut
1197 1382 1257 1427 eos
1282 1365 1372 1429 bello

287 1456 518 1550 persequatur.
561 1462 626 1543 [6.]
647 1459 816 1526 Continuo
839 1461 992 1525 Priamus
1012 1461 1100 1526 filios
1125 1466 1239 1529 vocari
1260 1465 1372 1547 jubet,

287 1574 320 1633 et
334 1585 450 1631 omues
461 1565 588 1628 amicos
604 1581 695 1639 suos,
707 1561 922 1639 Antenorem,
933 1562 1116 1641 Anchisen,
1126 1565 1267 1643 AEnean,
1284 1566 1372 1631 Uca-

285 1663 475 1750 legontem,‘¹
491 1663 732 1741 asserionem:
753 1659 941 1739 Pantbum,‘
960 1664 1190 1746 Lampouem,⁸
1204 1673 1241 1730 et
1256 1686 1371 1730 omnes
1440 1728 1447 1740 ,

286 1766 375 1832 tilios
390 1769 448 1851 qui
463 1787 509 1832 ex
523 1765 717 1830 concubinis
738 1765 809 1828 nati
831 1772 934 1829 eraut.
979 1762 1046 1842 Qui
1073 1773 1113 1829 ut
1137 1776 1370 1844 convenerunt,

286 1869 374 1934 dixit
387 1870 438 1933 eis
453 1888 491 1931 se
507 1865 705 1930 Antenorem
719 1865 864 1945 legatum
878 1865 913 1928 in
929 1863 1098 1929 Graeciam
1118 1868 1259 1944 misisse,
1279 1874 1316 1932 ut
1336 1869 1370 1933 lri

287 1970 351 2033 sibi
366 1968 598 2033 satisfacerent
610 1963 701 2048 quod
714 1969 842 2046 patrem
861 1984 958 2029 sunm
975 1976 1163 2046 necassent,
1180 1967 1370 2034 Hesionam

287 2072 352 2136 sibi
368 2069 552 2145 redderent,
559 2067 635 2131 illos
649 2065 892 2130 contumeliose
901 2065 1089 2145 tractasse,⁶
1100 2066 1114 2103 ¹·
1127 2076 1163 2132 et
1171 2066 1370 2135 Antenorem

284 2172 368 2238 nihil
383 2171 427 2235 ab
448 2172 497 2234 eis
522 2170 738 2250 impetrasse:
760 2183 874 2231 rerum
889 2167 1045 2249 quoniam
1060 2188 1157 2233 suam
1171 2170 1371 2235 voluntatem

283 2272 391 2336 facere
405 2272 603 2345 uoluissent,
615 2268 718 2333 videri
734 2268 799 2331 sibi
808 2270 996 2333 exercitum
1006 2270 1041 2333 iu
1050 2271 1219 2336 Graeciam
1231 2272 1370 2347 mittere,

283 2370 342 2452 qui
366 2368 502 2450 praedas
523 2373 674 2450 raperet⁷
707 2367 750 2429 ab
771 2367 841 2447 eis;
866 2387 909 2431 ne
934 2368 1110 2434 barbams¹
1131 2371 1242 2436 Graeci
1263 2373 1370 2434 irrisui

282 2469 450 2532 baberent.
495 2465 725 2547 Hortatusque
741 2471 794 2529 est
804 2464 957 2531 Priamus
971 2471 1095 2534 liberos
1109 2488 1201 2546 suos,
1218 2477 1255 2533 ut
1269 2469 1368 2551 hujus

281 2570 328 2634 rei
342 2568 511 2652 principes
534 2566 652 2641 forent,
677 2565 823 2629 maxime
839 2565 1043 2634 Hectorem:
1066 2578 1137 2634 erat
1157 2570 1241 2633 enim
1261 2570 1376 2653 major.

281 2676 379 2734 natu:
402 2669 460 2751 qui
475 2668 582 2750 coepit
596 2665 716 2745 dicere,
732 2666 816 2732 velle
838 2669 1027 2751 sequidem
1047 2669 1251 2735 voluntatem
1266 2672 1368 2754 patris

282 2772 415 2855 exequi,
429 2778 465 2834 et
475 2767 713 2834 Laomedontis
729 2768 785 2832 avi
799 2770 853 2833 sni
867 2789 985 2839 necem
1000 2770 1131 2849 ulcisci,
1144 2781 1177 2837 et
1192 2790 1368 2854 quascum-

282 2893 346 2957 que
370 2872 508 2956 injurlas
531 2871 645 2936 Graeci
667 2870 826 2955 Trojanis
852 2872 1024 2948 fecissent,
1048 2891 1090 2935 ne
1111 2874 1311 2955 impunitum
1333 2872 1366 2935 id

282 2974 397 3043 Graiis
420 2973 521 3039 soret:
545 2973 606 3039 sed
621 2974 736 3051 vereri,
760 2992 800 3036 ne
825 2971 913 3037 nou⁸
937 2972 1093 3055 perficere
1119 2981 1257 3057 possent
1277 2971 1368 3056 quod

731 3170 910 3192 ’ΜΟ

312 3306 329 3349 ⁰
346 3301 482 3355 Yloctaater
499 3301 641 3366 velpe—7
660 3301 758 3363 Repetet
768 3301 911 3364 Delpb-8
927 3299 1034 3350 Omittit
1046 3298 1142 3363 Delplr.
1156 3298 1269 3348 voculam
1280 3310 1334 3347 noa.

675 3532 677 3537 .
770 3491 874 3542 ΝΟΜ

307 3600 320 3634 ⁴¹
340 3600 517 3665 Ucalegonem]
530 3603 575 3653 De
584 3619 634 3669 quo
647 3604 724 3655 Hom.
733 3603 765 3656 Il.
773 3611 799 3657 ll.
837 3606 921 3668 uiaret,
930 3608 938 3638 ‘
948 3608 1005 3656 illua
1015 3605 1199 3656 contumeliose
1211 3603 1312 3669 egiaae!

277 3677 452 3739 “virg-liin.
466 3691 498 3729 rr.
869 3680 933 3731 ¹Na
943 3679 1063 3742 barbarea]
1076 3680 1117 3729 Ne
1127 3680 1227 3730 mireris
1237 3680 1279 3729 bic
1292 3678 1364 3727 Pria·

307 3751 500 3816 ruerem]
522 3752 619 3805 Priami
636 3756 798 3822 iratrempa-
838 3770 907 3805 mum
927 3769 954 3803 aa
981 3753 1065 3816 ipsum
1091 3753 1233 3803 Barbarum
1261 3767 1365 3804 vocare.

275 3834 387 3878 ternum.
838 3832 906 3881 Nam
917 3831 953 3880 alc
964 3829 1033 3893 apud
1049 3829 1200 3892 Euripidem
1217 3828 1325 3879 Hecrrba
1336 3838 1364 3878 et

307 3901 463 3969 ‘Peattaaq
478 3904 582 3953 Patrem
596 3906 801 3971 Pulydamantis,
838 3907 939 3956 Hector
959 3918 987 3955 ae
1009 3906 1079 3969 lpaos
1100 3913 1197 3954 vorant
1218 3904 1364 3955 barbarea:

275 3979 308 4030 da
320 3994 370 4044 quo
380 3979 447 4042 apud
459 3978 565 4040 Dietyn.
838 3992 922 4044 neque
944 3988 1007 4031 tnnc
1030 3981 1097 4030 male
1119 3979 1228 4029 sonabat
1249 3980 1363 4043 appella·

306 4053 487 4118 rumpam]
504 4052 620 4105 Fratrem
632 4055 739 4107 Priami.
839 4057 875 4106 rio
891 4055 945 4119 illa,
962 4063 990 4105 ut
1000 4057 1066 4107 male
1081 4054 1184 4122 quidam
1194 4055 1244 4106 ribi
1260 4068 1364 4120 persua·

305 4128 393 4180 lllice
409 4129 570 4180 caatmalioaa
592 4136 706 4181 tractaaar
723 4133 799 4196 [truc-
838 4131 910 4183 dent.

273 4204 363 4269 trater]
388 4207 471 4257 Deest
485 4205 598 4271 aliquid:
615 4206 705 4258 melina
716 4210 795 4272 scrip·
885 4274 890 4283 ι
