3144 4982
579 332 700 383 susus
725 333 877 381 naeres.
1233 323 1276 386 8³

180 486 303 571 (quem
325 482 357 545 ei
382 480 510 545 Hector
531 492 614 563 post
635 485 800 544 eermmeu
824 478 990 562 singulare
1008 480 1100 546 douo
1125 482 1278 567 dederat)

183 581 356 649 incubuit:
377 581 474 662 cujus
486 597 587 642 cruor
607 580 642 641 in
663 578 773 642 florem
788 584 842 643 est
854 584 1100 647 transmutatus.
1142 580 1277 665 Sopho-

185 683 270 757 cles,
283 682 319 744 in
336 678 447 762 AJace
462 675 625 759 Flagellis.
638 679 693 742 cui
708 677 794 741 adde
810 677 990 755 Alciatum',
1005 678 1048 745 ed
1063 679 1137 743 167.
1151 687 1188 745 et
1200 682 1275 746 1⁷6.

185 780 355 845 Emblem.
367 796 497 842 necnon
508 776 606 842 ovid.
622 778 941 842 x111.Metam.891.

363 878 404 943 In
418 882 548 961 pectus,
560 884 629 941 tum
643 877 775 941 demum
789 876 927 941 vulnera
936 896 1092 959 ,passum

277 977 358 1056 Qun
370 977 481 1059 potuit
493 976 590 1054 serre,
601 975 731 1040 letalem
743 974 892 1040 condidit
905 995 1031 1040 ensem.

230 1077 413 1142 Nummum
435 1077 531 1152 hunc,
554 1095 576 1141 e
597 1076 836 1152 Prusensibus,
850 1076 886 1137 iu
907 1077 1065 1141 honorern
1085 1075 1271 1144 Caracallus

184 1180 272 1263 Imp.
295 1195 428 1252 cusum,
451 1182 526 1240 ante
552 1196 617 1240 nos
639 1176 822 1258 depinxere
846 1174 1001 1252 Petinus,
1022 1175 1056 1241 in
1078 1176 1189 1261 Impp.
1204 1177 1274 1243 Ro-

180 1299 269 1344 man.
297 1276 377 1341 243.
408 1281 444 1339 et
468 1276 629 1359 Saenius,
658 1278 694 1340 in
715 1276 866 1340 Itinerar.
890 1276 945 1340 eui
969 1274 1145 1358 respondet
1165 1276 1273 1343 Lieeti
1367 1272 1373 1277 ’

180 1378 337 1454 Gemma,
362 1375 453 1460 upud
476 1375 694 1452 Gronovium,
722 1376 929 1457 Dactylioth.
947 1391 988 1438 ιι.
1008 1373 1082 1441 508.
1107 1373 1201 1439 Gem.
1215 1378 1273 1442 ubi

182 1476 436 1553 etlexnrdeus,
451 1475 591 1557 Ajacem
605 1476 666 1560 (de
688 1477 820 1541 Brenno
843 1471 1026 1557 somnium)
1050 1483 1149 1550 noctu
1170 1483 1273 1543 semet

182 1578 297 1661 ipsum
311 1575 497 1640 confodisse
512 1576 688 1660 signifieat.

511 1895 657 1962 xxlv.
698 1891 955 1959 NAUSICAA.

589 2059 670 2120 Lis.
685 2073 734 2119 vr.
756 2056 845 2119 Car.
859 2058 892 2120 6.

226 2226 372 2312 ‘Neque
385 2223 490 2288 multo
498 2228 587 2305 post,
600 2220 754 2303 precibus
765 2225 866 2301 atque
878 2218 1006 2282 hortatu
1018 2174 1174 2298 Ulyssis,
1183 2211 1245 2277 Al·

363 2326 452 2391 cinei
468 2324 538 2388 lilio
554 2322 728 2388 Nausicaa
743 2319 941 2384 Telemacho
959 2314 1118 2382 denubit.'

225 2478 442 2551 Niosrcss,
475 2472 620 2548 Alcinoi,
651 2467 830 2533 Plrseecum
863 2466 953 2546 regis
989 2463 1023 2525 in
1051 2460 1210 2544 Corcyra,
1238 2462 1272 2522 et

184 2579 303 2644 Aretes
324 2576 408 2652 filia,
430 2592 507 2656 quae
530 2572 613 2636 sorte
636 2588 710 2633 cum
733 2564 951 2649 pedissequis
971 2559 1062 2643 regia
1084 2561 1214 2633 exiens,
1236 2556 1273 2620 iu

182 2678 314 2744 flumine
328 2682 440 2740 restes
461 2673 628 2747 ablutura,
645 2666 762 2732 incidit
783 2667 818 2729 in
833 2663 1004 2746 Ulyssem,
1018 2660 1222 2742 naufragum,
1236 2656 1272 2719 in

182 2778 291 2844 littore
317 2776 496 2851 sedentem,
526 2771 661 2835 nudum.
720 2766 814 2830 Huic
851 2767 962 2826 antem
992 2758 1135 2841 supplici
1162 2761 1272 2822 restes

185 2878 286 2955 dedit,
300 2894 444 2957 eumque
454 2873 498 2938 ad
512 2877 640 2956 petrem
654 2863 825 2950 perduxit.
848 2859 954 2921 Hom.
967 2855 1032 2919 od.
1046 2860 1069 2922 l·
1087 2926 1093 2939 ¹

224 2979 411 3044 Nausicaan
426 2981 538 3042 nutem
553 2980 647 3056 pater
658 2971 769 3052 justus
785 2982 826 3027 ac
839 2956 1028 3042 pacificus3
1052 2954 1147 3035 cujus
1163 2972 1273 3035 poma·

182 3079 301 3144 riorum
315 3080 403 3143 mira
416 3074 574 3141 fertilitas
590 3069 675 3133 abiit
692 3067 726 3129 in
742 3059 965 3146 proverbium.
992 3054 1120 3119 Statius
1134 3067 1159 3117 1.
1182 3049 1276 3131 Sylv.

182 3178 279 3244 8:81.
300 3177 460 3245 Juvenal.
477 3190 512 3235 v.
538 3172 613 3235 Set.
638 3164 715 3230 lsi.
741 3163 894 3243 Propert.
911 3173 967 3220 ιιι.
992 3158 1022 3219 1.
1068 3150 1166 3216 Unde
1187 3153 1221 3213 et
1243 3149 1277 3212 iu

186 3276 341 3342 Nummis
354 3273 611 3359 corcyrensium
627 3274 661 3332 et
676 3257 982 3348 Dyrrachiensinm,
992 3252 1080 3338 apud
1092 3249 1273 3326 Goltaium,

187 3376 298 3441 Grec.
309 3378 342 3439 1.
353 3378 387 3440 2.
400 3384 435 3440 et
455 3374 544 3437 Tab.
561 3366 820 3450 conspiciuntur,
836 3358 886 3423 uti
906 3357 1033 3441 primus
1055 3351 1192 3419 eredidit
1204 3350 1273 3414 Be·

187 3493 299 3558 gem,
319 3472 478 3539 Theseus.
503 3470 646 3534 Pelstin.
664 3482 689 3529 ι.
703 3465 777 3527 leo.
803 3466 903 3542 etque
919 3457 1021 3522 etiam
1042 3472 1129 3519 ame
1153 3450 1272 3515 coufir-

184 3579 310 3649 ωιιιιῐ,
323 3574 364 3637 ad
375 3572 575 3638 Wildieuor.
591 3566 753 3631 Selector.
771 3562 824 3625 55.

231 3672 340 3737 Porro
351 3672 421 3736 lraec
436 3671 610 3736 Nausicaa
628 3687 649 3731 e
671 3662 880 3729 Numismute
894 3654 1164 3741 Mitylenensium
1180 3648 1270 3734 apud

182 3771 368 3858 Sponinm,
390 3769 574 3835 Miscellun.
589 3764 717 3833 Brudlt.
735 3778 784 3826 ιν.
799 3760 875 3825 130.
