3200 4978
594 431 644 478 ao
670 427 882 478 unoronmr⁴
1144 435 1146 440 ’
1216 417 1280 482 357

192 581 329 644 inventa
344 595 407 640 sna
419 573 565 640 efflictim
578 578 686 638 amatr
706 571 824 636 Poetae
847 569 1011 654 inprimis,
1028 577 1065 634 ut
1080 574 1114 634 et
1129 569 1279 635 Philoso-

193 681 281 764 phus
297 681 445 757 testatur,
468 676 568 748 πάντες
589 677 725 756 ἀγαπῶσι
748 676 861 754 μᾶλλον
884 673 923 734 τὰ
942 675 1031 734 αὐτῶν
1052 669 1134 754 ἔργα,
1149 665 1242 754 ὅσπιρ
1257 679 1280 734 ol

193 780 283 866 γονεῖς
305 777 354 840 καὶ
379 782 402 840 oi
426 773 548 852 aorqral.
593 773 770 839 Fortunam
794 774 879 837 hunc
906 770 1017 838 Poeta
1036 779 1159 847 noster,
1183 792 1281 854 quem

195 899 286 944 nuno
300 878 363 942 tibi
379 877 509 954 damus,
522 877 684 941 benevole
700 876 827 951 Lector,
846 875 1014 940 hominum
1030 873 1150 957 injuria
1165 873 1282 938 nescio

196 1001 240 1046 an
255 979 382 1044 incuria
395 998 520 1064 passus
531 979 591 1042 sit:
614 975 790 1040 nominalia
812 975 904 1039 illius
927 980 1063 1052 mutata,
1080 974 1191 1038 dehita
1205 973 1284 1038 lans

196 1082 366 1147 oblivione
382 1085 529 1156 tenuata,
543 1083 576 1143 et
590 1082 628 1142 ut
641 1075 819 1141 earundem
836 1075 1010 1141 Musarum
1021 1075 1204 1161 symmista,
1218 1075 1281 1139 sor·

195 1187 287 1246 tasse
300 1181 395 1244 etiam
409 1177 776 1264 rtyxporrsflnntberus,
791 1175 874 1260 qnia
883 1177 1075 1260 Ligurinum
1087 1177 1278 1260 scripserat,

196 1281 304 1347 faetus
326 1285 379 1345 est
395 1281 592 1364 Liguribus:
618 1280 668 1344 sie
687 1278 827 1354 Noster,
841 1280 899 1362 qui
912 1287 983 1344 erat
997 1277 1169 1362 Josephus
1185 1276 1281 1340 lsca·

195 1401 270 1458 nos,
279 1379 451 1446 Cornelius
466 1381 583 1465 Nepos
596 1381 706 1446 faetus
719 1385 783 1458 est,
794 1379 873 1462 quia
884 1380 1063 1463 Nepotem,
1076 1380 1145 1463 qni,
1157 1385 1195 1441 nt
1206 1377 1280 1460 opi·

194 1482 250 1547 nio
265 1483 483 1566 quorumdam
491 1491 555 1562 est,
565 1483 723 1548 Daretem
735 1480 858 1546 Latina
868 1490 958 1547 veste
971 1481 1135 1556 induerat,
1149 1479 1182 1544 in
1191 1477 1280 1542 Poli-

195 1585 225 1648 si
241 1605 304 1650 sua
319 1592 456 1651 secutus
476 1590 556 1650 erat.
601 1583 755 1649 Suholuit
774 1583 976 1667 quibusdam
991 1586 1021 1646 οὐ
1036 1584 1106 1668 χθὲς
1127 1582 1176 1644 nel
1190 1577 1279 1663 πρώην

195 1705 262 1752 non
273 1707 347 1752 esse
361 1688 445 1753 buno
459 1686 630 1772 Nepoter'n
643 1687 748 1764 illum,
763 1685 819 1769 qni
834 1704 936 1752 ausus
953 1695 1026 1751 erat

494 1787 593 1854 Unus
607 1788 770 1853 italorum

366 1889 473 1956 Omne
489 1911 600 1957 aerum
613 1890 719 1955 tribus
734 1889 905 1973 explicare
923 1891 1053 1957 chartis.

238 1990 334 2058 Alios
348 2000 456 2058 tamen
469 1994 561 2071 nori,
575 1992 635 2077 qni
654 1991 738 2056 illud
762 1998 923 2057 assertum
947 1993 1058 2058 ibant:
1081 1994 1205 2078 qnippe
1218 1997 1278 2060 nil

199 2111 276 2156 cum
291 2113 355 2158 sua
373 2091 413 2157 G.
429 2093 590 2159 Sallustio
611 2094 779 2170 inscribet,
800 2112 873 2158 oum
889 2091 1031 2158 Athenis
1055 2095 1168 2160 Daren
1185 2115 1280 2178 repe·

197 2193 292 2271 risse,
306 2195 460 2272 vertisse,
474 2214 535 2259 sua
546 2203 674 2260 asserat
695 2194 848 2278 epistola.
868 2189 890 2256 ὦ
905 2195 1028 2275 perard,
1041 2197 1078 2271 ὥς
1094 2195 1200 2280 σφόδρα
1215 2195 1278 2259 trel

196 2291 326 2372 perard!
352 2295 489 2360 credant
511 2295 558 2360 illi
579 2302 613 2362 et
625 2297 772 2362 fruantur
787 2315 850 2361 suo
865 2316 981 2376 errore,
1003 2297 1083 2362 mihi
1096 2299 1177 2366 talia
1190 2318 1279 2363 cam·

196 2416 251 2480 pae
265 2397 354 2462 Solis
368 2403 401 2462 et
415 2397 529 2462 Naerii
544 2397 750 2463 Buttuhatto.
794 2397 1028 2464 contradicunt
1041 2401 1159 2484 stylus,
1170 2399 1279 2464 imita-

195 2499 253 2576 tio,
263 2503 297 2562 et
309 2498 544 2584 αὐτηάγγελτος
559 2499 645 2583 ipse,
662 2501 719 2583 qui
733 2499 775 2564 de
790 2499 934 2578 Nerone,
943 2501 984 2566 de
999 2498 1187 2567 Christiana
1200 2501 1278 2579 tide,

195 2599 237 2664 de
250 2598 457 2686 ματαιπιχνῖᾳ
481 2600 702 2678 oraculorum,
724 2601 765 2666 de
786 2599 928 2668 Arthnro
940 2603 1111 2688 inspergit.
1155 2603 1195 2667 In
1209 2623 1278 2668 rem

197 2701 331 2782 quidem
353 2703 423 2766 ista
444 2705 537 2780 satis,
559 2721 679 2767 nomen
704 2708 815 2768 tamen
837 2706 870 2769 in
893 2706 1078 2790 quaestione
1093 2710 1174 2782 erat,
1188 2705 1279 2787 qnod

195 2821 254 2866 neo
270 2803 340 2868 Soli
348 2803 560 2888 quaerendum
576 2802 738 2882 derauso
753 2823 876 2884 manes,
891 2815 929 2871 nt
944 2807 999 2871 ille
1014 2805 1167 2883 Homeri,
1182 2807 1279 2870 inter·

193 2921 318 2987 rogare,
333 2925 394 2969 nee
411 2925 433 2970 a
453 2905 554 2971 nostri
576 2906 694 2970 saeculi
711 2903 884 2989 rraopattcr
899 2908 1025 2971 discere
1046 2907 1151 2989 potui.
1193 2908 1230 2968 'o
1251 2908 1279 2968 ἐν

192 3002 285 3089 αἰγίοις
298 3004 463 3084 Gaselius,
476 3026 546 3071 rem
562 3007 642 3071 mihi
663 3008 857 3092 expeditam
880 3006 1114 3090 promittebat:
1141 3007 1202 3070 sed
1217 3008 1278 3068 im-

193 3107 339 3189 peditam
351 3109 494 3192 reliquit.
539 3108 737 3174 Documenti
752 3107 832 3173 mihi
846 3106 987 3192 paginas
1008 3105 1148 3189 aliquot,
1167 3100 1277 3183 aluntur,

195 3208 286 3288 qnod
301 3210 403 3287 aiunt,
425 3212 439 3272 i
461 3207 581 3296 μάρτυς,
596 3210 658 3275 snb
669 3211 787 3276 umbra
801 3229 837 3276 se
851 3209 946 3273 risus
960 3214 1014 3272 est
1023 3205 1212 3271 ostendere:
1229 3205 1278 3271 ait

196 3309 283 3371 enim
298 3325 337 3373 rr.

410 3411 487 3478 Non
501 3419 616 3480 nostra
630 3415 803 3482 Britannia
815 3415 978 3481 Rhenum.

239 3507 343 3588 Q¹¹⁰d
360 3529 438 3592 ergo
454 3517 590 3597 pensius
606 3519 786 3582 aestimanti
800 3519 936 3582 unieum
951 3519 1133 3597 supererat,
1149 3513 1278 3578 Britan·

192 3629 315 3674 norom
324 3611 454 3691 rudera,
469 3623 630 3696 scruto,et
644 3619 802 3701 quicquid
817 3619 946 3684 illorum
959 3624 1078 3682 nactus
1086 3636 1186 3694 eram,
1199 3635 1279 3681 oon·

190 3711 237 3776 lis
263 3711 485 3792 decurrebam,
507 3719 652 3802 aliquem
678 3727 818 3802 sperans
841 3721 930 3784 illins
957 3719 1073 3783 honori
1094 3723 1129 3782 et
1155 3720 1279 3784 nomini

192 3821 466 3901 assurrectnmm,
492 3839 570 3884 nam
594 3827 633 3884 nt
652 3820 876 3886 Philostratus
899 3821 942 3885 ad
967 3819 1107 3884 Areum:
1130 3819 1214 3894 σοφοὶ
1228 3843 1278 3881 ro·

191 3913 261 3990 φοὺς
271 3913 414 3996 σώζουσιν,
429 3914 466 3982 alr
477 3914 543 3983 ὦσιν
557 3920 652 3996 erati.
697 3921 766 3986 Sed
777 3921 840 3986 nisi
855 3921 955 4004 plane
967 3920 1149 3986 luscitiosis
1158 3927 1193 3984 et
1203 3919 1280 3982 Ho-

188 4019 326 4082 mericis
339 4021 448 4085 oculis
462 4041 545 4086 usus
566 4042 653 4102 sum,
676 4021 800 4102 frustra
820 4023 867 4087 ibi
881 4023 942 4087 sui.
985 4021 1018 4086 A
1033 4021 1199 4088 veteranis
1214 4019 1278 4083 ita-

189 4119 322 4201 quoad
345 4121 550 4189 luculentam
578 4123 668 4189 illam
696 4121 876 4190 cambdeni
900 4123 1107 4188 Britanniam
1137 4122 1276 4187 diverti=

188 4221 308 4288 exinde
322 4224 448 4290 mentis
459 4241 544 4289 mete
560 4222 719 4304 habitum,
733 4231 771 4291 nt
785 4224 839 4290 ille
854 4225 914 4302 ait,
930 4223 1051 4306 gaudio
1066 4223 1278 4306 splenduisse
