3196 4976
515 425 897 478 praemonueratis
921 427 995 475 ure.
1020 429 1052 477 v.
1256 417 1319 481 251

233 569 280 635 ad
307 588 387 634 suos
414 570 557 653 quisque
586 570 720 632 abeunt.
771 566 928 631 Ceterum
956 568 1087 633 barbari
1117 568 1319 637 Antenorem

234 672 374 736 summis
390 670 501 735 efferre
520 668 691 742 laudibus,
706 667 933 733 advenientem
954 669 1077 751 singuli
1090 672 1190 755 quasi
1205 674 1319 738 Deum

234 771 399 836 venerari:
421 770 529 835 selum
559 768 683 851 quippe
704 768 850 832 emnium
871 770 1004 834 credere
1025 779 1194 837 auctorem
1223 775 1320 855 penis

231 870 319 954 ejus,
333 872 517 953 coitaeque⁷
539 888 615 932 cum
629 868 757 933 Graecis
777 869 946 933 amicitiae.
991 869 1043 934 lte
1053 873 1162 955 sopito
1175 873 1246 958 jam
1260 893 1320 938 ex·

233 971 312 1036 inde
325 971 424 1048 belle
436 969 561 1053 possim
576 970 625 1033 uti
640 971 778 1052 quisque
791 970 935 1050 portium
948 970 1113 1049 voluerat,
1127 991 1214 1037 nunc
1225 973 1319 1039 Grae·

234 1073 268 1136 oi
296 1091 371 1136 cum
392 1070 564 1154 Troianis,
586 1087 765 1153 rursusque
786 1068 821 1131 hi
842 1067 932 1150 apud
959 1088 1065 1141 naves
1086 1074 1192 1137 amice
1213 1092 1319 1155 agere.

236 1175 370 1239 Interim
384 1174 442 1238 ubi
450 1171 561 1237 foedus
574 1172 802 1242 intervenerat,
811 1167 924 1232 euneu‘
932 1168 1141 1234 barbarorum
1154 1173 1251 1249 socii,
1260 1175 1319 1258 qui

231 1274 324 1339 belle
337 1272 460 1337 residui
473 1278 575 1349 eruut,
589 1270 790 1354 gratulantes
800 1270 980 1334 interventu
990 1270 1086 1352 pacis
1097 1271 1140 1336 ad
1155 1292 1236 1338 suos
1252 1275 1319 1340 dis·

196 1428 200 1433 .
231 1373 365 1451 eadunt,
385 1392 426 1438 ne
449 1373 657 1458 opperientes
678 1369 811 1453 quidem
825 1371 963 1454 praemia
977 1375 1140 1445 tantorum
1156 1374 1319 1441 discrimi-

231 1493 313 1538 num
328 1478 426 1556 atque
441 1490 671 1548 aerumnarum,
685 1470 813 1535 seilicet
832 1471 937 1551 veriti,
951 1491 994 1536 ne
1009 1491 1078 1556 qua
1087 1481 1108 1510 ¹¹¹
1129 1477 1219 1557 pacti
1232 1475 1318 1542 fides

232 1573 324 1657 apud
337 1574 494 1640 berum
508 1573 753 1638 dissolveretur.
785 1570 867 1654 [ll]
887 1572 1025 1637 Interim
1040 1576 1130 1658 apud
1141 1594 1257 1655 naves,
1270 1577 1319 1642 uti

232 1672 368 1739 Heleno
390 1676 571 1758 placuerat,
584 1666 892 1755 equustnbulutiu¹²
912 1676 1095 1740 exstruitur
1114 1695 1174 1759 per
1195 1675 1318 1761 Epium

231 1773 461 1839 sabrimtorem
476 1772 552 1855 ejus
565 1773 675 1855 operis
684 1779 715 1835 :⁰
737 1771 793 1836 eui
802 1772 893 1837 edito
904 1774 940 1836 iu
949 1772 1141 1841 immensum
1156 1778 1316 1864 imaque

231 1875 296 1938 snb
318 1874 460 1958 pedibus
480 1879 577 1936 eraut
596 1871 701 1935 rotis?
723 1871 931 1951 interpositis
949 1874 1173 1955 suspenderat,
1188 1877 1319 1942 seilicet

228 1992 301 2054 qno
329 1978 497 2036 attractuq
517 1975 629 2034 metus
654 1968 791 2033 facilius
811 1970 914 2036 soret:
938 1990 1038 2053 quem
1065 1972 1174 2037 offerri
1195 1974 1318 2040 <ionum

234 2070 398 2133 Minervae
425 2065 635 2143 maximum,⁸
670 2067 816 2129 omnium
844 2086 900 2131 ore
928 2068 1126 2146 agitabatur.
1169 2071 1319 2136 Ceterum

235 2167 325 2249 apud
354 2166 491 2249 Trojem
514 2165 585 2229 auri
606 2158 709 2247 etque
729 2165 853 2247 argenti
877 2166 1075 2247 praedictum
1103 2168 1236 2251 pondus
1260 2189 1321 2251 per

238 2267 442 2330 Antenorem
456 2273 556 2349 atque
570 2265 709 2328 AEneam
724 2282 854 2330 summe
869 2265 983 2330 studio
996 2267 1031 2330 in
1042 2267 1148 2332 molem
1158 2266 1319 2336 Minervae

233 2369 437 2451 pertubatur.
466 2365 510 2430 Et
523 2363 648 2441 Graeci,
663 2358 842 2448 postquam
857 2366 985 2431 auxilia
998 2366 1167 2432 sociorum
1178 2368 1319 2435 dimissa

232 2468 402 2551 cognitum
416 2473 480 2544 est,
497 2465 677 2547 impensius
697 2483 814 2548 paeeru
828 2473 931 2550 atque
946 2468 1126 2532 amicitiem
1139 2469 1317 2550 agitavere,

230 2568 322 2634 nullo
344 2566 487 2632 exinde'
507 2564 725 2629 barbarorum
746 2565 929 2644 interiecto,
957 2571 1015 2632 aut
1035 2568 1227 2649 vulnerato;
1248 2588 1317 2653 quo

231 2669 338 2751 magis
351 2668 423 2733 sine
433 2667 506 2731 ulla
520 2664 761 2730 discordiarum
780 2667 971 2749 suspicione
984 2667 1074 2750 opud
1089 2667 1204 2732 hostes
1215 2668 1317 2734 fuere.

234 2768 320 2834 Dein
344 2786 468 2852 equum
496 2770 707 2850 compactum
728 2764 849 2829 affabre
874 2767 1110 2851 confixumque
1132 2767 1177 2831 ad
1203 2770 1322 2834 mures

231 2875 378 2947 movent,
407 2867 627 2951 praenuntiato
648 2864 815 2948 Troianis,
837 2868 888 2932 uti
909 2887 984 2932 curn
1010 2887 1139 2932 summa
1159 2869 1316 2950 religione

232 2970 450 3054 susciperent,
466 2967 627 3055 Minervae
642 2964 774 3029 scilicet
788 2983 931 3041 suerum,
944 2956 1169 3048 dicatumque.
1205 2965 1318 3044 Quare

234 3272 438 3323 enimes-r
456 3271 715 3338 nereensem-s
727 3271 826 3349 ¹nerpn.
837 3278 864 3320 n
876 3238 954 3335 vir„
963 3270 1074 3319 asse.

725 3432 831 3483 NOTAE

268 3550 286 3577 ¹·
303 3542 408 3606 Nepos]
423 3541 465 3592 Ns
482 3553 532 3606 qua
549 3541 598 3591 ris.
630 3542 674 3593 ete
692 3557 757 3593 sem·
828 3538 1130 3604 ruetucerqsoutmru]
1146 3538 1338 3596 8eries,‘roi-·

235 3633 284 3684 per
294 3618 399 3681 Dictys.
795 3615 1125 3682 licetquourutnst'acillur
1142 3614 1318 3666 soretrttrae·

266 3705 279 3729 ·
307 3694 440 3758 fulsistis]
469 3691 636 3747 ‘Roboribus
665 3694 760 3744 textin'
796 3693 843 3746 tu.'
876 3692 980 3743 idest:
1002 3687 1317 3742 ‘Queirciliussttrsem

234 3770 326 3833 tergit
796 3768 960 3820 moreretur!

266 3845 468 3895 quereum
487 3844 574 3908 mdc]
597 3842 690 3907 virgil.
706 3843 758 3894 ‘Et
828 3844 927 3891 'Nullo
936 3841 1033 3905 minus]
1056 3838 1135 3891 Queri
1146 3841 1317 3886 verostsnte

233 3920 290 3982 lpse
301 3919 354 3970 «tou
365 3917 506 3968 tubricstor
517 3917 620 3981 Epeos!
795 3917 921 3967 socierum
948 3914 1097 3968 discessum,
1122 3918 1180 3975 port
1201 3911 1317 3974 juratam

267 4000 280 4035 Ρ
295 3995 349 4043 loro
363 4008 415 4057 pse
429 3993 471 4042 nt
484 3994 580 4056 mus·
592 4002 670 4059 erest,
687 3995 757 4054 rotis,
795 4005 895 4055 punem,
907 3988 1009 4053 quidum
1025 4001 1042 4036 u
1057 3986 1157 4036 &ocis
1173 3985 1213 4032 vel
1230 3984 1318 4030 voloc-

233 4068 289 4135 Μ
316 4069 371 4119 Sub
390 4068 499 4132 pedibus
518 4076 586 4118 rotas
598 4070 756 4133 subjecerat.
796 4066 845 4115 rull
856 4066 907 4114 siut
917 4062 956 4112 vol
968 4059 1115 4113 interfecti:
1134 4057 1267 4107 ridiculum
1277 4069 1316 4105 sa·

232 4145 305 4207 virg.
319 4160 351 4194 rr.
370 4144 424 4194 AEn.
444 4142 625 4209 ‘Pontumque
641 4154 755 4196 rotsrum
795 4154 837 4198 ur,
848 4146 875 4190 et
885 4139 923 4189 rui
935 4136 976 4188 lric
988 4136 1085 4187 oblitus
1097 4141 1137 4183 ert
1147 4131 1252 4193 Dictys.

233 4222 381 4286 subjiciunt
392 4218 495 4284 lapsus-⁹
