3200 4972
509 425 559 472 nn
583 420 864 472 exoremini
888 420 1034 471 srsron.
1246 407 1311 475 835

225 590 262 636 se
277 571 312 635 in
325 567 390 632 tide
405 568 596 651 astringunt
639 566 799 642 Antenor,
820 568 855 628 nt
869 563 951 629 vidit
965 584 1001 628 sa
1016 564 1221 644 obstrictum,
1232 568 1310 633 mit·

225 672 264 735 tit
279 669 321 734 ad
341 669 487 747 AEueam,
502 669 631 746 dicens,
647 664 850 750 prodendam
866 683 943 729 esse
958 664 1113 748 patriam,
1128 671 1162 728 et
1175 666 1241 730 sibi
1256 686 1311 733 sn·

225 771 323 852 isque
337 769 520 833 carendum
533 786 631 833 esse:
654 766 697 831 od
719 764 1005 846 Agamemnonem
1027 763 1068 828 de
1090 766 1142 829 bis
1167 766 1311 849 aliquem

225 869 421 936 mittendum
436 888 532 934 esse:
554 887 630 932 nam
644 884 751 949 regem
766 864 886 929 iratum
899 863 940 929 de
954 865 1096 930 concilio
1116 856 1310 947 surrexisse,

226 972 308 1054 qaia
321 970 354 1034 ei
369 988 488 1052 pacem
503 968 665 1034 suaserit:
688 965 791 1031 vereri
815 984 852 1029 se
873 984 914 1029 ne
928 966 1008 1048 quid
1022 967 1102 1030 nori
1115 967 1245 1033 consilii
1260 969 1312 1033 in·

226 1079 291 1137 eat.
334 1071 459 1152 lteque
473 1090 589 1136 omnes
602 1067 815 1152 promittunt:
831 1066 1008 1149 statimqne
1025 1066 1311 1150 Polydamantem,

227 1174 343 1255 quiex
354 1172 406 1236 bis
422 1192 506 1237 unus
522 1177 605 1247 erat,
614 1168 655 1234 ad
667 1164 952 1249 Agamemnonem
967 1167 1053 1232 clam
1068 1169 1212 1234 mittunt.
1242 1168 1312 1234 Po·

225 1272 380 1356 lydamas
410 1273 445 1336 in
473 1281 583 1337 castra
611 1268 810 1352 Argivorum
841 1267 999 1349 pervenit,
1034 1264 1312 1351 Agamemnonem

225 1374 390 1452 conuenit,
413 1373 567 1457 dixitque
594 1392 637 1437 ea
659 1389 735 1455 qum
760 1370 833 1434 suis
859 1369 1054 1452 placerent.⁷
1106 1368 1191 1452 [to]
1222 1369 1313 1454 Aga·

225 1492 379 1539 memnon
404 1473 491 1538 clam
511 1477 608 1538 nocte
630 1488 745 1536 omnes
768 1468 870 1534 duces
890 1468 925 1532 in
942 1470 1117 1536 concilium
1137 1478 1312 1552 convocat,

226 1572 323 1639 refert
335 1574 474 1639 eadem:
497 1574 578 1657 quid
595 1574 717 1655 cuique
732 1570 902 1663 rideatur,⁴
918 1570 1027 1635 dicere
1042 1572 1154 1656 jubet.
1198 1571 1313 1638 Omni·

226 1674 291 1738 bus
305 1675 463 1758 placitum
477 1681 540 1752 est,
560 1679 596 1738 nt
618 1672 701 1737 tides
724 1672 947 1754 proditoribus
971 1681 1127 1737 serretur.
1170 1671 1313 1756 Ulysses

226 1782 258 1839 et
274 1774 399 1841 Nestor
413 1775 518 1841 vereri
533 1795 570 1838 se
585 1774 715 1848 dixere,
736 1770 823 1835 banc
843 1772 1054 1836 temeritatem
1074 1772 1196 1837 sabim.
1245 1774 1315 1838 Ne·

227 1865 413 1958 optolemus
427 1894 487 1940 eos
502 1873 636 1939 refutat.
669 1873 761 1937 Dnm
776 1874 858 1936 inter
872 1891 909 1936 se
923 1878 1062 1948 certant,
1078 1872 1238 1953 placitum
1252 1880 1314 1953 est,

226 1977 357 2054 signum
370 1993 393 2036 a
406 1973 651 2055 Polydamante
666 1971 787 2051 exigi,¹¹²
810 1977 846 2032 et
859 1969 1007 2051 idipsum
1026 1990 1086 2052 per
1100 1970 1255 2062 Sinonem
1271 1973 1315 2036 sd

228 2073 384 2148 AEneam,
397 2071 591 2146 Anchisem,
612 2077 648 2133 et
668 2065 869 2133 Antenorem
883 2061 999 2132 mitti-⁶
1041 2069 1144 2133 Sinon
1167 2070 1211 2134 ad
1232 2071 1316 2134 'Pro-

224 2170 300 2253 jam
323 2169 554 2253 proficiscitur.
597 2169 641 2233 Et
654 2171 734 2252 qnia
755 2169 899 2235 nondum
919 2170 1033 2234 clares
1056 2174 1161 2253 portas
1176 2168 1317 2253 Ampbi-

229 2268 341 2335 macbi
356 2270 551 2335 custodibus
565 2270 698 2334 traditae
710 2277 813 2348 eraut,
830 2272 926 2352 signo
943 2270 1024 2335 dato
1045 2270 1162 2348 Sinon,
1183 2270 1316 2359 nomine

228 2368 357 2446 AEneae,
371 2379 406 2435 et
418 2367 590 2445 Anchisae,
602 2378 638 2434 et
652 2368 832 2434 Antenoris
848 2370 976 2447 andito,
988 2369 1210 2449 confirmatus,
1222 2368 1315 2452 Aga·
1342 2390 1346 2399 ¹

225 2471 389 2535 memnoni
409 2471 584 2534 renuntiat·
627 2470 723 2535 Tunc
737 2470 896 2552 placitum
912 2478 964 2535 est
986 2471 1152 2549 omnibus,
1173 2476 1212 2534 ut
1232 2468 1316 2534 fides

228 2569 368 2646 daretm,
397 2574 431 2634 et
455 2570 677 2653 jurejurando
703 2571 955 2649 confirmaretur,
982 2571 1154 2648 Antenori,
1183 2570 1314 2650 AEneae,

228 2667 1314 2757 Ucalegoni,Poiydamenti,Doleni,suisqueparentibus,liberis,r

228 2768 505 2854 conjugibusque,
527 2777 561 2834 et
579 2770 835 2853 consanguineis
854 2771 1064 2856 propinquis,
1077 2778 1112 2835 et
1125 2770 1242 2836 amicis
1257 2771 1315 2853 qui

228 2888 295 2934 una
317 2870 573 2954 conjurassent‚⁸
594 2872 746 2935 omnibus
760 2869 860 2935 tidem
873 2872 1037 2955 praestari,
1059 2890 1185 2953 sueque
1201 2871 1315 2935 emnia

227 2988 323 3035 sacra
333 2979 347 3006 ¹¹
362 2979 397 3036 et
411 2972 499 3036 bone
512 2970 696 3036 incolumia
709 2970 832 3035 babere
842 2972 953 3036 liceat.
984 2970 1064 3035 Hoc
1080 2975 1181 3052 pacto
1195 2969 1315 3034 contir-

259 3229 275 3275 τ
293 3226 389 3277 Omnes
407 3240 482 3277 vocer
497 3225 591 3276 desunt
609 3225 642 3277 sb
662 3226 860 3290 Amabam
875 3225 999 3291 usquead
1014 3224 1315 3291 pommeranum-

229 3290 243 3317 ⁶
262 3289 331 3337 Misit
344 3289 485 3365 beleb-r
501 3290 595 3339 Liberis
606 3292 705 3369 omittit
717 3292 864 3404 Deipb.-0
881 3290 990 3342 Omittit
1002 3292 1107 3343 rombus
1117 3294 1141 3338 et
1152 3288 1243 3352 micis,
1251 3288 1314 3353 iegi-

231 3352 429 3415 tremoreque
443 3367 490 3400 erre
500 3360 678 3403 commorassent
689 3369 715 3404 ιιι
726 3355 766 3406 lie
778 3355 820 3420 pb.

721 3515 827 3567 ΝΟΜ
953 3532 964 3543 ·

262 3613 279 3639 ·
296 3604 679 3674 SigansPrtydarrnrteerrigr]
691 3609 753 3660 vat-
790 3612 908 3664 Sinonem
919 3610 1104 3676 miseruut,qui
1115 3607 1242 3673 signante
1254 3604 1315 3658 dete

230 3684 280 3732 tem
300 3680 407 3732 dixisset
426 3684 520 3744 Dares,
535 3684 603 3749 quod
623 3685 720 3748 signnm
737 3698 753 3733 ι
792 3686 824 3736 ab
835 3685 924 3748 Ense,
940 3684 1061 3741 Aaobire,
1072 3690 1099 3734 at
1109 3683 1241 3734 Antenore
1253 3697 1314 3747 rog·

231 3757 417 3821 Potydemsnte
429 3758 515 3809 Greci
535 3760 668 3821 petierint,
684 3759 753 3824 quod
791 3761 947 3816 bituminea
965 3768 1054 3825 portu
1071 3758 1174 3824 quidem
1194 3766 1315 3821 receptus

231 3841 323 3896 postes
344 3847 391 3897 per
411 3835 529 3883 Sinonem
552 3833 584 3885 ae
602 3834 708 3884 AEaeam
726 3841 754 3883 et
792 3849 843 3884 uon
859 3833 919 3896 init,
934 3836 993 3900 quis
1009 3834 1121 3884 nondum
1137 3832 1315 3897 Amphimsabt

232 3906 389 3958 Antenorem
401 3909 499 3959 mirere.
532 3908 571 3956 Ex
589 3908 754 3971 sequentibus
793 3911 942 3960 custodibus
957 3911 1044 3960 aleres
1059 3907 1179 3959 erudirer
1207 3906 1253 3956 red
1272 3905 1315 3959 Ε·

231 3985 324 4049 conjici
332 3992 426 4047 potest,
435 3983 754 4048 Polydnmeotemrignom
793 3998 860 4044 uere,
882 3985 999 4035 Anchise
1018 3990 1046 4034 et
1063 3982 1203 4034 Antenoris
1221 3992 1315 4029 nomen
1362 4014 1367 4025 .

231 4059 294 4109 rum
306 4058 417 4115 dedisse,
425 4071 476 4121 qno
484 4057 575 4121 quiris,
586 4074 601 4108 a
612 4059 711 4109 Grecis
722 4058 754 4108 ad
794 4060 903 4123 audivit,
912 4075 962 4125 qno
974 4060 1050 4123 pisus
1062 4057 1225 4107 eontirmstne
1236 4060 1285 4103 ast.

229 4136 332 4200 Troiam
344 4135 443 4194 minor,
461 4132 529 4181 intre
547 4134 639 4183 moenie
655 4134 755 4196 recipe·
826 4132 1121 4196 'daemoniosam
1137 4127 1315 4193 Singultenbn

228 4225 311 4264 retur.
344 4211 420 4264 omo
436 4216 464 4259 et
475 4207 655 4272 experirentur
666 4208 753 4259 Greci
792 4202 1315 4270 cirassuesibipropriaracraeostodte·
