3196 4976
484 385 533 433 nn
554 381 675 434 uncto
696 382 867 433 rnorruo
895 381 967 433 cru.
991 384 1041 431 ιν.
1242 366 1313 435 219,

216 526 309 592 nium
322 525 411 590 votis
424 527 569 591 omnium
584 525 712 606 deligit.
755 524 811 589 Itn
836 523 973 589 relectis
997 524 1074 588 cibo
1096 523 1304 607 corporibus,

218 627 383 708 reliquum
396 625 503 690 noctis
519 645 594 691 eum
608 625 719 707 quiete
732 625 928 707 transigunt.
961 623 1009 688 At
1021 624 1108 688 lucis
1123 623 1304 706 principio,

217 727 340 791 armati
354 727 565 807 instructique
579 742 640 807 pro
653 727 785 805 negotio
799 725 1029 807 egrediuntur:
1047 742 1156 805 neque
1169 723 1304 805 segnius
1378 726 1380 731 ’

217 846 240 892 e
264 825 443 890 Memnone
458 831 582 900 ectum,
604 843 678 888 curn
694 842 760 907 quo
773 824 908 908 Trojani
932 842 1056 888 omues.
1100 822 1153 887 ltu
1166 822 1240 887 hinc
1255 829 1304 888 et-

215 945 284 1010 que
299 926 378 990 rnde
394 925 545 1011 ordinato
558 925 721 1002 exercitu,
742 924 892 1007 praelium
906 923 1041 987 initum:
1064 930 1155 986 tum³
1170 922 1303 1004 plurimi

216 1028 391 1109 utriusque
416 1025 529 1109 pertis,
552 1034 590 1090 ut
605 1025 638 1087 in
657 1025 714 1088 teli
730 1024 1070 1101 comminuendum,
1085 1027 1142 1087 eut
1156 1023 1216 1086 icti
1229 1042 1303 1105 gre·

217 1126 300 1190 viter
313 1126 427 1209 proelio
442 1125 613 1190 decedunt.
657 1124 696 1188 In
712 1143 778 1207 qno
795 1124 884 1188 hello
899 1120 1100 1188 Antilochus
1124 1120 1158 1186 N
1160 1122 1303 1187 ceterisb

215 1228 333 1291 obrius
361 1227 445 1291 forte
472 1226 643 1291 Memnoni
672 1225 874 1291 interficitur.
934 1224 1088 1308 Moxque
1110 1222 1212 1308 Ajex,
1243 1225 1303 1288 uhi

215 1336 345 1410 ternpus
356 1328 464 1392 visum
479 1334 540 1405 est,
562 1327 644 1392 iuter
658 1333 832 1408 utrumqne
846 1324 955 1389 eciem
969 1343 1177 1408 progressus,
1191 1324 1303 1388 luces·

214 1429 258 1495 sit
277 1447 394 1509 regem,
416 1430 580 1511 praedicto
594 1428 687 1511 prius
703 1426 820 1510 Ulysei
832 1434 868 1490 et
882 1425 1070 1504 Idomeneo,
1086 1444 1107 1490 u
1121 1424 1239 1489 ceteris
1253 1426 1301 1488 uti

215 1546 251 1590 sc
265 1519 497 1594 defenderent*
525 1529 631 1612 Igitur
646 1527 806 1591 Memnon
820 1527 879 1590 ubi
892 1527 935 1590 ed
951 1546 988 1591 se
1004 1527 1096 1591 tendi
1113 1526 1214 1602 uidet,
1227 1545 1302 1590 cnr·

216 1646 252 1689 ru
266 1626 402 1707 desilit,⁴
422 1631 631 1712 confligitque
644 1629 749 1710 pedes
766 1646 840 1692 cum
855 1626 972 1710 AJuce,
986 1646 1107 1708 magno
1130 1628 1300 1709 utriunque

214 1730 315 1808 pertis
327 1737 414 1797 metu
429 1738 530 1814 utque
542 1731 783 1813 expectatione.
814 1728 900 1793 Tum
915 1728 986 1791 dux
998 1735 1109 1793 noster
1123 1745 1252 1791 summe
1265 1727 1300 1791 vi

215 1828 388 1895 umbonem
404 1833 491 1895 sceti
509 1827 607 1913 ejus*
630 1830 696 1893 telo
710 1831 745 1892 in
767 1830 973 1910 aliquantum
994 1826 1146 1903 loretum,
1164 1827 1299 1909 grevie⁵

213 1936 310 2011 atque
324 1932 461 1997 summis
476 1930 600 1994 uiribus
624 1931 790 2010 ingruens,
811 1928 955 2010 impulit,
969 1927 1133 2008 vertitque
1153 1926 1186 1988 in
1199 1927 1300 1989 lutus.

213 2026 293 2103 Quo
309 2029 393 2103 viso,
407 2029 493 2108 regis
503 2028 642 2090 comites
657 2046 843 2103 accurrere,
858 2026 995 2109 Ajacem
1007 2026 1182 2089 exturbare
1196 2025 1301 2086 niten-

214 2135 279 2188 tes.
322 2127 409 2191 Tum
426 2126 577 2191 Achilles
597 2128 655 2190 uhi
676 2145 697 2190 n
717 2127 868 2190 herberie
892 2124 1047 2188 intercedi
1070 2121 1172 2198 videt,
1195 2121 1302 2204 pergit

214 2232 342 2303 contre,
364 2235 396 2292 ct
421 2227 582 2291 nudetum
609 2233 705 2292 sento
729 2228 834 2291 hostis
850 2225 1003 2310 jugulum
1016 2225 1110 2287 haste
1126 2220 1299 2301 transfigit.

211 2325 276 2407 [7.]
296 2326 351 2391 lte
373 2335 494 2411 praeter
515 2347 609 2411 spem
631 2328 800 2394 interfecto
821 2328 1008 2403 Memnone,
1029 2325 1131 2388 enimi
1153 2321 1299 2386 hostium

212 2435 466 2506 commutentur,
484 2435 519 2492 et
532 2427 661 2530 Graecig
676 2436 777 2494 aucte
791 2428 933 2493 fiducie:
949 2429 1087 2510 jamque
1101 2424 1297 2507 AEthiopum

212 2546 309 2592 versu
323 2531 406 2607 acie,
421 2529 527 2594 nostri
542 2530 704 2594 instantes
719 2529 852 2595 coedunt
864 2528 1046 2613 plurimos:
1068 2531 1135 2590 tum
1151 2524 1296 2607 Polyde-

211 2637 305 2691 mes·
327 2647 485 2695 renovare
509 2630 661 2714 praelium
683 2630 832 2715 cupiens,
855 2629 1096 2693 circumventus
1110 2624 1154 2689 ud
1167 2632 1296 2708 postre-

209 2911 354 2956 mae—³
373 2906 512 2957 Omittitur
524 2913 574 2956 teet
582 2907 607 2956 in
616 2906 713 2970 Delph.
725 2906 798 2956 deeet
810 2919 910 2969 qnoque
920 2919 964 2966 qne
972 2908 1031 2965 poet
1040 2915 1104 2961 eux,
1113 2904 1141 2947 et
1152 2912 1222 2961 prou
1233 2903 1293 2947 ente

208 2971 290 3021 eeterie
301 2972 395 3034 legitur
403 2976 489 3022 (ια-4
500 2971 595 3034 Delph.
604 2968 751 3021 ‹lentim-5
763 2968 858 3033 Delph,
868 2967 1040 3029 grunitu-6
1051 2963 1145 3026 Delph.
1156 2963 1296 3011 rennueret.

698 3113 805 3167 NOTAE

239 3208 405 3258 innumero
424 3211 542 3274 Neneeie]
567 3211 731 3263 Antilochum
772 3222 861 3260 ornuer
877 3213 906 3257 et
923 3203 1020 3254 exenni.
1058 3202 1140 3253 Quem
1160 3200 1294 3250 lectionem

209 3296 225 3328 e
246 3280 382 3332 Memnone
404 3286 514 3334 occisum
544 3296 632 3338 nerret
653 3286 731 3338 Hom.
772 3284 819 3333 uiri
837 3279 980 3331 doctieeimi
999 3277 1073 3327 unice
1091 3273 1295 3339 emplectuutur;

211 3352 264 3403 Od-
281 3361 312 3404 ὰ
336 3354 412 3403 Piud·
431 3356 508 3420 Pyth.
526 3358 577 3409 od.
593 3366 620 3411 e.
638 3362 731 3413 ecribit
770 3359 888 3409 dicenter
908 3355 935 3405 id
954 3354 1077 3404 ecleuteru
1097 3364 1219 3416 peccesne
1230 3348 1293 3400 Ori·

209 3430 373 3480 ueterem
388 3431 484 3480 Pertde
501 3446 624 3497 prerenm,
641 3438 729 3487 vulne·
770 3432 848 3495 diurn,
857 3445 915 3482 cum
926 3428 1053 3479 seminem
1063 3428 1209 3491 loquentem
1219 3423 1294 3475 ludu·

207 3503 326 3567 retojern
337 3518 403 3566 eqnu
412 3506 559 3570 curemini,
568 3506 730 3562 Antilochum
770 3514 852 3569 cerer,
872 3505 915 3570 qui
934 3517 1011 3554 rexne
1030 3501 1131 3551 nomine
1147 3498 1204 3549 sere
1225 3500 1293 3549 eolet

206 3579 288 3629 filiurn
303 3593 375 3628 enum
394 3580 555 3645 inclemeere,
572 3596 731 3648 eumquene·
770 3579 937 3632 confundere.
976 3577 1028 3628 Sed
1048 3577 1142 3639 Dictys
1163 3574 1241 3624 etiem
1260 3574 1292 3624 eh

206 3662 365 3710 currentem,
376 3662 404 3705 et
421 3656 541 3707 Periclem
551 3658 732 3724 sustinentem,
771 3656 888 3707 omnibne
898 3653 1026 3708 dissentit.
1036 3666 1094 3703 eum
1103 3651 1293 3702 Antilochum

206 3747 221 3782 e
234 3731 374 3781 Memnone
385 3730 548 3784 interfectum
559 3731 647 3784 ruere.
668 3734 731 3785 Ori·
769 3732 865 3783 Peride
876 3731 1041 3781 interemtum
1053 3726 1152 3778 rcrihit.

206 3805 264 3854 diue
274 3818 346 3864 reru,
356 3805 382 3852 io
391 3805 473 3868 Epiet.
484 3807 625 3872 Penelope
634 3808 730 3873 Utyeei,
800 3815 812 3843 ⁶
831 3806 876 3857 Uti
885 3820 911 3855 ee
919 3801 1079 3865 defenderent]
1106 3802 1156 3852 'Se
1166 3801 1174 3823 '
1184 3799 1218 3851 nd
1229 3799 1290 3865 Aje·

206 3878 373 3929 Antilochum
390 3878 423 3928 eh
441 3878 554 3930 Hectore
565 3883 678 3933 oculeum
689 3885 730 3934 di·
768 3897 824 3933 cem
836 3879 958 3931 ret'ertnr.

204 3954 258 4005 citt
275 3952 355 4003 ‘dire
366 3953 423 4017 quie
434 3951 595 4006 Antilochum
608 3959 729 4009 nerrehet
799 3958 812 3991 ⁶
830 3956 956 4007 Unicum
964 3954 1026 4003 eceli
1041 3950 1103 4014 eine]
1127 3951 1169 4001 lte
1183 3950 1215 4000 ed
1234 3963 1291 3997 uer·

204 4029 239 4079 nh
251 4028 365 4078 Hectore
378 4027 492 4077 vietum)
514 4029 564 4078 Ubi
575 4032 676 4092 quidem
688 4048 728 4083 re·
767 4032 827 4083 hum
838 4032 986 4083 Cedrenue:
1005 4042 1080 4093 quem
1091 4023 1240 4075 describere
1248 4034 1290 4069 eu·

203 4103 322 4154 ⁸⁶¹lbt¹⁰l
341 4101 590 4164 ‘Amilffimtlmmt'
606 4107 646 4156 elli
658 4109 666 4137 ‘
678 4108 727 4159 Ar·
767 4108 898 4172 pereedeo.
932 4103 1018 4155 Umbo
1036 4108 1078 4150 eet
1090 4099 1201 4149 medinm
1213 4096 1291 4148 ecutl.

202 4176 364 4230 cliduchum?
394 4177 445 4227 Sed
458 4177 651 4230 ‘Antilochum’
662 4184 727 4233 Mer.
797 4177 971 4248 ‘Potyderrrnq
981 4177 1031 4231 Qui
1042 4184 1126 4226 temen
1135 4170 1202 4236 epud
1212 4169 1290 4221 Hom·
