3200 4972
296 396 362 461 346
735 401 944 452 ΑΡΡΕΝΒΙΧ.

300 563 437 629 Idenim
452 557 562 626 est'ad
583 576 675 623 aram
696 557 798 624 Jovis
824 556 975 636 Hercaei,
989 557 1154 641 quomodo
1179 558 1239 623 alii
1262 521 1383 626 Graece

298 665 406 727 dicere
421 662 621 737 maluerunt,
638 668 676 725 nt
690 660 791 726 Ovid.
806 661 840 724 in
865 658 917 724 Ib.
937 657 1025 724 ‘Cui
1048 658 1131 723 nibil
1151 658 1286 727 Hercoei
1310 680 1385 744 pro·

298 762 363 825 fuit
384 779 441 827 ara
462 760 583 827 Jovisz'
604 761 729 845 Hygia.
751 759 819 826 sab.-
833 761 888 826 91.
910 760 1018 826 ‘Pars
1031 761 1064 824 iu
1080 780 1171 827 aram
1181 763 1281 828 Jovis
1297 763 1385 828 Her·

297 862 362 926 'cari
373 861 520 929 insiluit!
563 861 707 927 Festus:
723 861 912 927 ‘Hercaens
926 861 1062 945 Jupiter
1080 863 1170 927 intra
1183 871 1383 947 conseptum

299 963 420 1033 domus
435 966 599 1053 cujusque
611 963 795 1038 colebatur,
820 980 918 1044 quem
936 970 971 1027 ct
984 962 1095 1027 Deum
1109 962 1309 1045 penetralem
1319 984 1386 1048 ap·

298 1065 487 1149 pellabant'
529 1066 665 1131 Servius
693 1065 728 1128 in
752 1062 830 1127 AEu.
855 1078 894 1127 ιι.
917 1061 1079 1146 ‘Singula
1103 1063 1225 1128 dumus
1252 1070 1385 1130 sacrata

301 1175 381 1232 sunt
396 1167 483 1247 Diis,
498 1174 535 1231 ut
549 1166 669 1232 culina
683 1165 760 1230 Diis
781 1166 968 1248 penatibus,
993 1164 1170 1239 Macarius,
1190 1184 1266 1248 quae
1281 1166 1385 1231 ambit

300 1267 442 1346 domum,
466 1267 611 1333 Hercaro
632 1263 732 1332 tori!
774 1265 893 1348 Itaque
916 1265 998 1330 nibil
1016 1265 1186 1331 Mercerus
1207 1266 1286 1346 egit,
1308 1284 1385 1329 cum

300 1367 449 1450 probatae
473 1367 663 1432 Latinitatis
685 1365 815 1432 landem
841 1366 918 1431 baic
944 1366 1112 1432 Historiae
1137 1366 1301 1431 scnoeutia
1320 1379 1385 1430 sua

301 1468 484 1550 abrogavit,
496 1469 651 1552 ultroque
665 1468 805 1551 gratiam
819 1467 892 1550 ejus
905 1467 1136 1534 emendatione
1145 1468 1293 1533 meritam
1304 1466 1385 1533 effu·

300 1569 349 1633 dit
359 1588 368 1633 ι
378 1570 437 1653 qui
451 1587 518 1634 nou
532 1570 639 1634 minus
652 1569 686 1633 iu
699 1568 740 1634 eo
753 1569 983 1648 hallucinatur,
989 1569 1081 1653 quod
1096 1586 1172 1635 cum
1179 1568 1266 1634 libro
1276 1569 1384 1653 primo

299 1670 561 1736 membranarum
587 1689 723 1734 suarum
744 1669 810 1734 fids
834 1670 885 1735 sic
908 1668 1086 1735 edidisset:
1109 1667 1326 1735 ‘Podalirius
1350 1679 1386 1735 et

236 1852 241 1861 Ι
301 1769 470 1836 Machaon
493 1771 693 1853 AEsculapio
716 1771 831 1853 geniti,
853 1771 954 1836 acciti
975 1770 1018 1835 ad
1034 1771 1070 1836 id
1083 1771 1208 1836 bellum
1222 1771 1268 1834 ob
1282 1770 1385 1835 soler·

301 1873 383 1937 tiam
407 1872 581 1938 medicinae
603 1870 721 1937 artist'
744 1871 927 1948 annotavit,
950 1869 1180 1939 ‘Medicinam
1195 1878 1301 1936 artem
1316 1871 1386 1936 dic·

302 1982 374 2038 tum
387 1994 473 2053 esse,
495 1981 534 2040 nt
554 1981 675 2039 terrum
694 1973 838 2051 ltaliam,
852 1972 1022 2037 mulierem
1036 1973 1252 2050 meretricem,
1266 1972 1387 2039 Senec-

301 2082 371 2139 tam
391 2075 545 2140 cetam!
603 2074 783 2158 Perperam
806 2074 939 2139 scilicet
965 2072 1182 2152 Medicinam,
1204 2082 1386 2155 senectam,

302 2182 336 2241 et
350 2175 569 2252 Meretricem,
582 2175 719 2260 perinde
733 2183 773 2241 ut
786 2175 935 2255 Italiam,
947 2176 1083 2241 numina
1097 2177 1305 2242 substantiva
1315 2195 1401 2241 esse

302 2278 451 2342 credidit.
466 2277 557 2342 Nam
563 2284 714 2343 senectus
723 2278 937 2362 participium
944 2277 1194 2363 esse,idemque
1203 2276 1388 2361 significare

305 2377 396 2463 quod
414 2381 432 2438 u
453 2377 593 2461 γηράσας,
615 2378 809 2445 Priscianus
830 2385 979 2446 veterum
1001 2381 1201 2445 anctoritate
1214 2379 1299 2443 satis
1312 2396 1388 2459 pru·

301 2476 405 2541 bavit.
448 2476 613 2542 Dicebant
635 2478 787 2543 nimirum
814 2487 968 2547 senectus
994 2481 1057 2558 vir,
1081 2484 1217 2544 senecta
1241 2476 1385 2553 foemina,

300 2583 474 2643 'senectam
497 2596 639 2663 corpus:
661 2578 809 2663 adeoque
831 2583 964 2667 quoties
988 2581 1168 2647 Senectam
1188 2596 1248 2660 pro
1269 2574 1388 2641 Senec-

302 2682 373 2742 tute
388 2676 538 2760 lcgimus,
557 2677 707 2745 AEtatem
723 2680 952 2761 subaudimus,
967 2679 1057 2766 quod
1071 2678 1205 2764 quidem
1216 2676 1388 2743 Merccrus

302 2777 419 2844 Servio
433 2777 567 2843 credere
581 2785 708 2864 poterat
721 2782 755 2846 iu
769 2781 1119 2850 AEn.1r.sicmoneuti
1132 2803 1140 2842 ι
1163 2778 1224 2844 ‘Si
1234 2778 1387 2845 dicamus

302 2877 460 2956 Senecta,
483 2885 544 2943 aut
565 2880 752 2949 addendum
775 2880 872 2961 aetas,
894 2888 952 2949 aut
969 2878 1238 2964 intelligendum?
1281 2880 1388 2945 Merc-

302 2976 370 3045 t'rix
392 2980 458 3047 nou
487 2981 587 3047 aliam
610 2984 770 3050 rationem
795 2984 909 3063 babet,
935 3002 1036 3070 quam
1057 2981 1220 3059 Gcnitrix,
1243 2980 1388 3057 Victrix,
1446 2994 1452 3005 ·

303 3079 426 3163 Altrix,
452 3102 527 3167 quae
550 3083 788 3168 adjectivorum
812 3085 917 3151 instar
939 3102 1017 3149 esse
1037 3083 1162 3148 nemini
1185 3086 1388 3167 potestesse

303 3185 450 3252 dubium.
494 3185 701 3253 Medicinam
724 3206 824 3270 porro
848 3203 972 3251 merum
1000 3184 1202 3270 adjectivum
1228 3203 1317 3261 esse,
1350 3191 1389 3250 ut

303 3284 383 3366 Ars,
403 3287 456 3353 vei
474 3286 630 3354 Taberna
648 3288 875 3367 subandiatur,
889 3288 1057 3372 quomodo
1071 3285 1203 3352 tandmu
1217 3285 1389 3352 Merccrus

303 3382 413 3451 tantm
426 3387 572 3453 literator
584 3391 733 3472 ignorare
748 3390 882 3473 potuitt
926 3388 1073 3473 Legerat
1090 3388 1178 3452 euim
1189 3387 1223 3450 iu
1237 3385 1389 3451 Varrone

305 3502 356 3549 ιν.
377 3485 418 3549 de
431 3487 564 3569 Lingua
582 3488 711 3555 latina
734 3489 951 3559 ‘Artificibus
967 3492 1116 3557 maxima
1130 3507 1232 3554 causa
1245 3489 1289 3553 ab
1305 3493 1386 3564 arte,

303 3583 415 3662 idest,
431 3588 474 3652 ab
490 3594 558 3652 arte
573 3591 734 3657 medicina
747 3598 783 3657 ut
796 3594 843 3658 sit
856 3596 1007 3661 medicus
1021 3592 1143 3667 dictus,
1159 3609 1180 3653 a
1192 3589 1319 3654 sutrina
1332 3608 1388 3653 su·

293 3693 364 3762 tor,
378 3703 447 3749 non
461 3705 482 3750 a
495 3687 654 3756 medendo
664 3712 705 3758 ac
721 3693 873 3761 suendo?
920 3694 964 3760 lut
978 3708 1044 3755 ιιι.
1059 3695 1069 3726 ‘
1083 3689 1249 3767 Taberna,
1263 3689 1323 3753 ubi
1335 3708 1389 3753 vc-

304 3787 455 3864 nitcaro,
468 3787 615 3862 laniena:
631 3794 691 3858 ubi
703 3793 823 3877 pelles,
839 3794 1053 3877 pellesvena;
1067 3789 1127 3853 ubi
1138 3789 1255 3867 calcei,
1264 3790 1391 3857 rusina

305 3886 445 3955 dicitur?
489 3889 642 3955 Donatus
664 3893 697 3956 iu
716 3891 815 3960 Adel.
833 3910 882 3959 ιι.
895 3894 927 3956 2.
949 3889 1115 3955 ‘Veteres
1128 3888 1285 3955 absolute
1300 3890 1391 3956 dicc-

305 3994 385 4058 bant
411 3989 597 4072 pistrinam,
619 3998 659 4055 ut
681 3996 839 4060 sutrinam
864 4000 899 4060 et
919 3991 1126 4071 medicinam,
1150 3990 1194 4056 ad
1217 3991 1389 4057 tabernam

305 4088 502 4158 referentes!
544 4089 716 4157 Charisius
745 4110 771 4157 ι.
792 4095 996 4161 ‘Pistrinum
1024 4098 1141 4157 neutro
1168 4091 1300 4170 dicitur,
1329 4091 1389 4156 sed

307 4190 459 4259 Lucilius
469 4192 643 4262 ioemiuiuo
654 4194 794 4263 extulit:
810 4197 941 4267 Madia:
957 4216 979 4261 a
993 4195 1147 4281 pistrina:
1163 4192 1207 4258 nd
1218 4194 1389 4259 tabernam
