3052 4972
308 383 353 448 46
573 393 649 440 rso.
673 389 863 439 rssrzourr
889 387 1134 437 nrssnnusrro

308 535 514 620 antiquitatis
529 551 599 596 sua·
613 531 706 594 daret
720 530 907 612 scriptioni:
929 547 1038 591 earum
1054 533 1161 592 autern
1177 530 1340 594 rationem
1354 533 1388 595 in

310 643 451 717 linguam
479 633 699 714 antiquissimi
724 632 896 712 temperis,
922 636 956 693 ut
976 629 1074 711 pilade
1096 631 1265 706 incertam,
1289 632 1391 695 voluit

310 737 424 801 referre
431 735 493 797 hac
508 732 733 808 excusatione,
749 750 825 812 qnoe
840 737 950 793 tamen
966 731 1044 811 ipsa
1058 729 1164 810 magis
1178 732 1296 793 iterum
1319 731 1390 795 ido·

309 853 372 898 nea
391 833 499 897 estad
521 832 695 907 docendos,
718 849 785 894 nen
807 830 942 911 Trojani
968 831 1127 911 temporis
1149 831 1308 907 homines,
1334 833 1389 894 sed

309 936 406 1016 longe
419 933 630 1018 posteriores,
644 950 728 1014 qnos
743 932 871 1011 antiqui
886 931 987 994 meris
995 937 1030 993 et
1043 929 1165 1012 linguae
1179 933 1311 1012 ignaros
1326 951 1390 995 nen

308 1035 382 1098 vult
396 1032 543 1097 ‘mirari'
557 1051 652 1095 snam
667 1030 923 1094 haesitationem.

353 1149 496 1198 xxvrrr.
520 1134 673 1215 Denique
694 1137 731 1195 nt
753 1131 935 1201 absolvam,
950 1129 1004 1192 cui
1026 1149 1090 1194 nou
1111 1135 1304 1213 suspectnm
1320 1133 1390 1209 erit,

309 1237 368 1318 qui
383 1235 524 1298 animum
541 1231 689 1296 attendet
708 1231 845 1294 anxium
870 1228 951 1290 illud
973 1235 1006 1290 et
1023 1231 1197 1310 quaesitum
1215 1232 1301 1294 adeo
1322 1239 1390 1295 stu-

309 1337 400 1400 dium
424 1334 582 1398 reddendi
600 1332 701 1394 toties
714 1331 888 1401 rationem,
904 1327 993 1391 unde
1014 1328 1087 1393 haec
1103 1332 1213 1393 omnia
1227 1349 1390 1412 cognove-

309 1437 374 1498 riti
420 1434 528 1498 Etiam
545 1433 644 1513 vulgo
658 1431 772 1507 fertur,
783 1448 856 1504 eoS,
872 1429 927 1509 qui
945 1448 980 1490 se
996 1428 1144 1492 studiose
1163 1433 1259 1495 nimis
1273 1430 1390 1494 identi-

309 1537 383 1600 dem
398 1540 576 1608 excusant,
587 1532 681 1613 ipses
694 1549 731 1592 se
746 1547 917 1592 accusare.
960 1527 1017 1591 Ita
1030 1546 1107 1593 vero
1119 1538 1296 1611 suspectus
1311 1552 1390 1617 quo·

308 1655 374 1718 qne
387 1639 437 1697 est
450 1632 545 1696 malie
560 1629 650 1704 fidei,
665 1629 721 1710 qui
732 1628 863 1689 solicite
875 1627 959 1689 adeo
975 1645 1068 1690 suam
1079 1628 1176 1692 fidem
1195 1633 1293 1695 toties
1307 1651 1390 1716 prae·

309 1737 399 1800 dicet
420 1739 452 1796 et
473 1727 690 1804 commendat,
710 1730 747 1788 nt
763 1726 888 1790 Noster
903 1725 985 1789 iacit
999 1728 1169 1790 minimum
1185 1735 1236 1793 ter
1251 1751 1295 1795 ex
1317 1754 1392 1816 pre·

308 1838 399 1900 sesso
417 1836 453 1897 in
474 1831 596 1911 exiguo
618 1826 680 1891 hoe
701 1826 828 1902 libello,
843 1826 1016 1889 inculcans
1038 1827 1216 1890 identidem
1231 1851 1267 1893 se
1293 1834 1393 1897 inter-

308 1937 412 2000 fuisse
425 1935 524 1997 rebus
546 1921 659 2010 gestis,
676 1926 766 2009 qnod
781 1943 878 1988 neme
901 1932 991 2003 tnnc,
1016 1925 1050 1988 in
1070 1927 1180 2007 patria
1204 1937 1293 1992 certe
1308 1932 1393 2013 ejus,

308 2036 456 2114 ignorare
469 2029 642 2112 potuisset.
684 2023 774 2087 Vide
792 2039 815 2083 r.
836 2025 887 2088 13.
904 2041 939 2085 v.
952 2024 1005 2086 17.
1021 2040 1070 2086 vr.
1086 2026 1137 2088 10.
1181 2027 1248 2090 Sed
1271 2035 1306 2093 et
1326 2032 1392 2095 hoe

310 2135 382 2197 sine
391 2131 493 2194 dnbio
508 2142 675 2208 aspersum
687 2129 742 2186 est
751 2124 848 2185 unice
863 2123 906 2186 ad
918 2124 1105 2186 faciendam
1119 2145 1207 2190 nove
1219 2135 1252 2192 et
1266 2148 1391 2214 suppo-

309 2232 375 2293 sito
390 2229 495 2311 operi,
511 2231 577 2287 tarn
593 2221 721 2302 antiqui
736 2222 893 2297 auctoris,
908 2220 1004 2302 cnjus
1019 2241 1135 2285 nomen
1158 2244 1228 2306 prae
1252 2246 1288 2291 se
1309 2229 1390 2294 lere-

310 2329 380 2403 bat,
395 2325 507 2398 iidem,
524 2321 682 2403 speeiem,
697 2328 732 2384 et
746 2322 987 2385 auctoritatem.

353 2439 468 2488 xxix.
492 2419 579 2499 Quis
596 2439 672 2502 erge
695 2439 794 2483 verus
815 2421 913 2483 istius
936 2420 1088 2487 historiae
1113 2431 1226 2488 auctor
1239 2424 1345 2504 suerit,
1359 2431 1390 2492 si

310 2526 387 2610 quis
400 2543 453 2588 me
468 2528 570 2602 reget,
586 2519 647 2601 eg'o
662 2538 737 2582 vero
751 2520 810 2583 vix
826 2520 954 2596 dubito,
968 2522 1073 2603 quin‘
1085 2523 1224 2586 Praxis'
1241 2524 1297 2587 iile
1311 2525 1391 2590 Cre-

310 2625 425 2702 tensis,
437 2622 490 2686 vel
506 2625 514 2654 ‘
528 2617 759 2699 Eupraxides,’
779 2619 834 2700 qui
850 2617 900 2682 ‘N
901 2620 1012 2682 eroni'
1028 2621 1126 2685 hosce
1139 2622 1243 2688 libros
1258 2627 1389 2704 obtulit,

312 2744 372 2787 eos
392 2724 494 2786 etiam
512 2719 750 2800 composuerit.
794 2717 855 2780 llle
877 2719 1066 2794 enimcum
1090 2723 1190 2784 sciret
1213 2723 1389 2804 Neronem,

310 2821 495 2906 principem
517 2819 744 2891 vanissimum,
766 2817 899 2881 Graeeis
913 2819 1041 2882 artibus
1060 2827 1094 2882 et
1117 2821 1239 2886 fabulis
1253 2825 1391 2889 mirifice

311 2919 465 2995 deditum,
493 2917 621 2981 videtur
645 2917 817 2980 historiam
841 2918 925 2982 hanc
941 2939 983 2981 eo
999 2905 1109 2982 animo
1123 2923 1242 3003 partim
1265 2925 1308 2987 de
1327 2945 1389 2988 suo

310 3019 458 3090 linxisse,
471 3018 562 3104 (nam
585 3019 689 3080 multa
709 3018 861 3099 prolecto
884 3019 984 3082 habet
998 3039 1130 3102 prorsus
1153 3023 1340 3104 singularia,
1355 3029 1390 3090 in

310 3121 431 3203 quibus
446 3119 511 3201 ipsi
530 3137 591 3198 ego
607 3126 694 3180 cerie
706 3119 793 3181 hand
809 3119 947 3182 multum
963 3119 1039 3183 fidei
1055 3119 1254 3206 tribuerim)
1267 3127 1388 3206 partim

310 3241 351 3283 ex
378 3219 486 3300 pniitis
509 3225 612 3299 atque
637 3219 712 3280 aliis
740 3219 958 3302 scriptoribus
981 3221 1124 3304 antiquis
1150 3223 1390 3305 collegissent

310 3317 438 3382 Neroni
449 3337 520 3380 eam
532 3315 669 3393 offerret,
680 3325 715 3380 et
726 3317 810 3382 itae
825 3319 965 3401 prodigo
980 3327 1013 3383 et
1028 3322 1152 3386 stolido
1166 3322 1300 3387 homine
1318 3325 1389 3388 lau-

310 3425 378 3482 tum
394 3424 648 3500 consequeretur
668 3419 852 3499 praemium.
897 3417 996 3497 Quod
1015 3427 1049 3485 et
1070 3422 1118 3485 ita
1143 3423 1266 3487 evenit.
1299 3425 1387 3488 Nam

309 3539 382 3584 enm
393 3517 484 3584 Nero
493 3520 524 3583 in
534 3516 699 3581 Achaiam
710 3520 868 3595 venisset,
877 3523 1157 3602 opportunissimo
1170 3530 1317 3606 tempore
1326 3524 1388 3588 hoe

310 3637 397 3699 opus
412 3621 453 3684 ad
471 3639 546 3686 eum
562 3618 691 3694 detulit,
703 3628 736 3682 et
750 3619 899 3700 plurimis
915 3621 957 3683 ab
971 3621 1029 3684 illo
1041 3621 1232 3684 muneribus
1240 3623 1387 3686 vicissim

310 3716 452 3781 donatus
473 3720 603 3783 dicitnr·
650 3717 773 3781 Verum
793 3727 830 3783 nt
844 3721 1122 3785 existimationem
1143 3723 1234 3805 operi
1255 3731 1288 3787 et
1311 3741 1388 3785 auc·

309 3815 473 3878 toritatem
488 3817 631 3895 adderet,
646 3817 729 3881 iecit
750 3820 840 3901 quod
856 3821 997 3884 artifices
1012 3829 1087 3884 tune
1097 3823 1210 3885 facere
1221 3823 1388 3900 solebant,

310 3912 368 3992 qni
387 3919 424 3977 ut
446 3915 586 3995 pretium
608 3918 763 3998 operibns
784 3921 882 3983 novis
910 3927 945 3982 et
972 3922 1041 3983 suis
1062 3922 1170 4005 majus
1192 3921 1389 3999 invenirent,

310 4009 493 4074 Praxitelis
508 4019 567 4075 aul
583 4013 732 4098 Myronis
745 4037 864 4081 nomen
880 4021 923 4082 iis
938 4020 1173 4098 inscribebant,
1184 4029 1269 4086 teste
1290 4020 1394 4083 Phae-·

306 4108 381 4184 dro,
414 4109 538 4180 Eadem
555 4132 630 4194 ergo
643 4117 770 4181 ratione
784 4126 816 4182 et
838 4120 893 4183 ille
914 4120 1057 4202 Dictyes
1081 4121 1253 4188 Cretensis
1267 4097 1389 4186 nornen
