3208 4968
612 382 665 431 an
690 380 899 435 unorum.
1239 372 1304 439 eso

217 526 364 604 diducta,
377 523 516 592 affluens
535 526 645 591 instar
657 525 796 607 virginis
811 524 963 605 κομψοτῆς
982 524 1148 593 afficiebat
1172 532 1302 597 oratio:

215 646 278 692 nec
293 626 478 704 Maecenas,
496 646 557 692 nec
576 626 744 703 Tiberim,
767 645 830 693 nec
854 626 945 710 prior
968 625 1037 691 illis
1058 626 1226 705 Antonius
1239 650 1304 714 pro

216 728 347 794 seculo
358 728 596 811 loquebantur:
612 727 721 812 stylus
734 726 867 793 illorum
886 733 957 792 erat
977 725 1132 805 κομπὸδης,
1144 741 1305 817 opeque·

216 826 280 903 τίοις
294 830 342 893 καὶ
358 833 434 893 ιιιιοῦ
447 827 643 914 γαυριάματος
654 828 703 892 aul
719 825 883 912 diruptas
896 827 1046 909 ιἰιοοριᾶλου
1061 828 1189 911 μεστός·
1217 829 1306 910 Quis

218 930 400 995 Pindarum
413 950 478 996 nou
493 932 667 997 aestimati
712 928 870 997 Nonnum
884 949 951 996 non
964 934 1079 996 amati
1094 936 1261 1010 ettamen,
1275 936 1306 999 si

216 1031 340 1096 ferreas
364 1031 456 1097 illius
481 1031 703 1116 metaphoras,
724 1032 822 1116 hujus
846 1038 993 1097 tumores
1018 1043 1054 1096 ct
1077 1032 1238 1118 ιιιριοοιιοι
1261 1035 1306 1100 ad

219 1130 363 1198 Hesiodi
376 1138 411 1197 et
432 1133 585 1218 AEschyli
603 1132 803 1199 modestiam
823 1132 1049 1216 irugulemqne
1069 1135 1306 1217 parsimoniam

219 1233 407 1312 contendas,
421 1234 496 1300 illos
508 1235 743 1320 alatoseqnoa,
752 1252 935 1317 navemque
945 1242 1045 1299 vento
1053 1236 1197 1318 plenam,
1210 1234 1304 1320 qnod

212 1333 336 1417 judicii
350 1336 559 1402 exactissimi
571 1337 631 1416 rir,
642 1335 757 1405 unsar
767 1336 923 1419 Scaliger,
930 1335 972 1401 de
987 1335 1134 1420 Papinio
1145 1344 1181 1403 et
1195 1337 1307 1404 Luca·

216 1452 262 1497 no
289 1433 396 1516 dixit3
425 1436 486 1502 bos
516 1438 649 1505 oculum
672 1435 890 1515 verecundiae,
911 1446 946 1501 et
967 1456 1058 1505 mare
1081 1439 1305 1523 banquillnm,

217 1535 306 1618 qnod
320 1536 409 1602 idem
425 1537 467 1603 de
481 1538 680 1623 Thucydide
694 1547 730 1605 et
744 1537 853 1615 Livio,
864 1538 939 1621 jure
953 1541 1072 1607 merito
1086 1540 1192 1606 dicas.
1235 1537 1306 1607 Ac·

217 1636 317 1715 cedit,
331 1639 421 1723 quod
436 1640 568 1724 juvenis
583 1642 727 1723 scripsit,
742 1639 873 1705 calidus
893 1647 1000 1705 autem
1016 1640 1074 1707 ille
1088 1644 1236 1724 sanguis,
1251 1638 1306 1704 dua

217 1738 311 1815 τόπος
335 1740 441 1820 ἄειδον,
465 1744 585 1826 grande
607 1745 777 1809 locuturus
799 1742 940 1806 nebulas
967 1741 1130 1808 Helicone
1154 1744 1306 1826 legebat:

216 1838 374 1928 illiusque
389 1846 499 1910 aetatis
514 1846 613 1910 minoe
632 1844 738 1911 altera
757 1844 927 1918 orientem,
949 1842 1042 1925 quod
1057 1843 1099 1907 de
1113 1842 1307 1909 Alexandro

217 1941 284 2022 ille,
299 1945 400 2009 altera
414 1943 618 2008 occidentem
632 1944 808 2009 tenebant:
833 1942 938 2024 stylus
950 1942 1050 2022 igitur
1064 1963 1127 2008 uon
1140 1947 1241 2028 χαμαὶ
1255 1943 1307 2008 ου’·

219 2065 271 2123 ριι,
293 2043 353 2106 sed
368 2040 535 2127 ριμβὸμοιος
550 2042 598 2103 sal
612 2041 798 2124 βροντῶμιιος
812 2042 970 2128 ἀιροβοιτιῖ.
1015 2041 1224 2107 Medicorum
1246 2044 1308 2109 filii

219 2160 296 2205 cum
312 2162 415 2207 venes
439 2144 481 2207 de
503 2143 697 2208 valetudine
719 2144 932 2225 interrogant,
958 2140 1078 2206 melius
1105 2148 1252 2225 sperant,
1278 2145 1307 2206 si

216 2237 336 2307 lortius
351 2243 487 2320 micant,
510 2251 546 2308 et
567 2244 609 2308 de
628 2245 717 2328 stylo
732 2243 838 2327 major
857 2243 1066 2327 expectatio,
1081 2244 1112 2308 si
1135 2243 1168 2307 in
1185 2243 1307 2326 juven·

219 2346 290 2407 tute
305 2344 464 2409 masculus
481 2344 634 2412 dictionis
654 2344 810 2411 brachia:
837 2341 923 2428 ἄκροι
936 2362 1081 2426 namque
1103 2340 1203 2423 λαβὼν
1221 2344 1308 2425 μέσον

217 2440 282 2521 ἕξοι.
328 2441 424 2509 Melo
439 2443 581 2530 denique
596 2446 732 2529 politam
755 2454 856 2522 stare,
881 2463 982 2528 quarn
998 2445 1132 2528 jacere:
1160 2464 1306 2528 surgere,

217 2565 316 2628 quam
341 2564 474 2628 repere:
498 2547 619 2623 volere,
638 2565 736 2630 quam
760 2546 920 2613 volutari:
946 2544 1105 2624 conferat,
1123 2545 1183 2629 qui
1204 2548 1305 2627 volet,

218 2647 350 2713 Colutbi
366 2654 399 2713 et
412 2647 634 2741 'l'rypbiodori
655 2647 794 2732 reptiles
814 2654 848 2713 et
872 2665 997 2732 aqueus
1011 2654 1165 2725 conatus,
1180 2656 1305 2715 tantum

218 2747 343 2815 Noster
352 2749 816 2832 superabit‚‘0brnit1dseam
827 2758 988 2834 quantum
999 2751 1208 2817 tubamartia
1218 2751 1306 2817 bux-

217 2851 294 2916 um!
327 2848 395 2916 Vol.
410 2848 498 2915 Flac.

259 2953 357 3019 Vixit
371 2972 472 3037 porro
491 2954 630 3030 seculo,
650 2973 718 3039 qno
739 2953 838 3019 honre
862 2961 952 3018 artes
973 2959 1007 3016 et
1028 2953 1150 3032 linguae
1167 2951 1306 3018 adverso

217 3071 311 3119 amne
339 3055 539 3132 nitebantur,
563 3056 644 3134 imo,
669 3073 738 3138 qno
760 3053 876 3119 literas
901 3054 998 3129 scire,
1020 3051 1192 3117 barbaries
1214 3058 1305 3117 erat:

219 3173 288 3235 quo
313 3176 401 3221 mera
422 3158 507 3222 soria
529 3159 747 3240 gargarizare,
769 3162 806 3221 ut
831 3153 937 3219 Varro
959 3153 1119 3236 loquitur,
1146 3150 1306 3221 eaeculntn

219 3264 301 3319 erat.
344 3256 435 3335 Quid
456 3276 535 3340 ergo
557 3259 689 3335 mirum,
702 3259 733 3323 si
753 3255 835 3341 quid
851 3255 894 3321 de
910 3253 1035 3323 seculo
1048 3251 1170 3319 trabitt
1194 3252 1225 3317 si
1238 3268 1306 3315 nou

220 3358 331 3420 omnia
344 3356 516 3439 Augustae
540 3358 683 3423 candore
706 3357 904 3444 perfundere
926 3356 1058 3440 potuitt
1082 3355 1152 3420 imo
1174 3353 1305 3432 mirum,

220 3455 309 3540 qnod
324 3476 428 3540 snpra
442 3457 602 3524 surculum
612 3458 739 3540 aliquid
754 3459 922 3542 praestitit,
938 3456 1115 3541 quodcum
1131 3454 1304 3523 Gnntbero

217 3558 302 3643 (quo
317 3559 393 3641 ipso
409 3566 521 3624 tamen
534 3560 703 3625 venustior
711 3567 744 3625 et
755 3563 897 3627 comtior
910 3556 979 3643 est)
986 3560 1090 3624 instar
1100 3558 1305 3641 geminorum

217 3663 252 3725 in
280 3661 417 3729 illunern
440 3659 607 3727 barbariei
630 3665 761 3727 uocum
784 3661 971 3746 prospexit.
1015 3657 1063 3727 Ut
1081 3678 1170 3725 rosae
1188 3658 1305 3725 adenis

218 3764 387 3828 mensibus
401 3771 490 3829 rata
506 3781 552 3830 ex
565 3762 701 3830 raritate
716 3770 846 3831 sumunt
859 3764 1011 3846 pretinm,
1025 3761 1077 3827 sic
1089 3760 1141 3825 illi
1155 3760 1305 3827 favorem

218 3867 253 3928 et
266 3863 445 3930 aestiminm
457 3865 544 3948 tuni,
556 3869 594 3928 ut
605 3883 681 3928 cunr
692 3860 879 3928 Pelusiota‘
890 3864 1020 3948 loquar,
1028 3859 1188 3947 ἐρῥοοῐίιις
1201 3860 1305 3936 muisd-

218 3989 268 4028 ιοιν
283 3963 323 4029 ἔτι
339 3962 444 4046 κὸσριοιι
459 3963 737 4049 κατασφοιδοιῶιτοοι
758 3967 808 4042 τὴν
828 3963 916 4050 λύραι
936 3968 1120 4050 ἂραχνιῶσαι
1140 3958 1305 4045 μιτοχιιρί·

218 4067 311 4145 terim
326 4065 496 4150 ιιὸλμιςσοιι.
540 4067 692 4153 Denique
703 4088 771 4133 non
786 4067 863 4133 dieo
878 4066 1133 4149 omniaoptima,
1143 4062 1201 4126 sed
1212 4061 1305 4126 meli·

337 4224 348 4250 ⁸
365 4216 497 4267 Plutarch.
509 4215 535 4265 in
546 4215 667 4267 Antonio.
956 4212 968 4245 f
981 4214 1063 4277 Epist.
1075 4226 1118 4262 ιιι.
1131 4215 1186 4262 lit.
