3208 4968
512 439 560 486 no
585 436 704 487 sacco
726 434 899 485 sacrario
925 435 996 485 nis.
1022 439 1060 485 ιι.
1245 424 1310 488 417

224 580 541 665 Ingessereoculis:
564 595 793 663 quarumque
808 575 1072 642 maximafando
1244 579 1310 645 235

223 683 292 747 Vix
306 686 392 747 bane
407 691 569 746 matorum
583 682 658 745 visa
671 687 723 744 est
736 677 881 742 solvisse
896 680 1062 762 quietem:

266 782 432 848 Venimus
445 784 480 847 in
492 782 599 845 soltus
614 779 790 864 Phrygios,
804 797 826 842 o
842 779 1010 856 Dardana,
1024 782 1100 844 veni

224 883 338 966 Magni
353 892 461 967 nupta
471 883 494 948 J
496 883 583 959 oris,
593 880 685 947 venit
699 880 869 945 Mavortia
884 879 1013 958 Pallas,

224 983 328 1049 Venit
339 984 462 1048 blanda
476 982 610 1048 Venus:
632 990 761 1065 gratare
774 1000 815 1044 en
829 988 946 1045 noster
960 981 1126 1059 alumnus,

224 1083 325 1163 Quod
340 1085 419 1148 dare
433 1084 546 1149 Parca
558 1092 667 1166 neget,
678 1085 793 1149 timeat
806 1083 993 1165 promittere
1008 1092 1135 1161 votum,
1241 1086 1310 1149 240

224 1184 371 1252 Sidereae
384 1186 503 1250 libram
516 1186 633 1250 formae
648 1185 739 1250 dedit
749 1185 827 1268 ipsa
836 1183 1001 1249 Tonantis

224 1283 344 1364 Unice,
359 1306 435 1371 quae
448 1286 525 1352 trini
537 1286 695 1369 dispenso
710 1285 838 1350 foedera
851 1285 954 1366 regni,

224 1385 289 1450 Coi
304 1396 421 1470 parent
436 1387 536 1453 undae
547 1387 710 1472 Neptuni,
721 1386 862 1451 Tartara
874 1386 977 1462 Ditis,

223 1486 325 1552 Astra
338 1488 361 1553 J
363 1489 446 1553 ovis.
480 1490 561 1554 Non
576 1492 606 1555 si
620 1488 740 1555 laudor
753 1508 895 1554 censore
909 1489 1050 1567 caduco,

223 1585 391 1672 Indignor,
402 1611 470 1655 non
486 1589 866 1673 grataminnsreditura
878 1588 1035 1666 Tonanti,
1247 1591 1314 1654 246

223 1688 260 1753 Si
273 1698 389 1755 nostro
403 1691 526 1756 dubius
541 1691 643 1757 haesit
657 1691 809 1755 mortalis
823 1692 858 1753 in
871 1708 940 1754 ore.
968 1742 974 1754 .

223 1788 323 1868 Quod
334 1791 468 1873 longum
482 1798 547 1869 est,
561 1791 713 1856 mirantis
724 1793 805 1855 erit:
820 1808 886 1853 neu
901 1790 982 1854 forte
998 1796 1132 1871 putetur

224 1889 390 1966 Mendax,
404 1909 504 1974 quem
518 1890 618 1954 debet
630 1890 821 1953 famulatrix
834 1889 925 1952 fama
938 1889 1099 1965 favorem,

224 1989 326 2068 Quod
342 2010 450 2054 rarum
466 1988 618 2071 Superis,
632 1985 741 2050 nudos
752 2007 795 2051 en
809 1986 924 2068 aspice
938 1987 1071 2050 vultus:
1159 2003 1162 2007 ·
1218 1982 1223 1991 '

222 2088 320 2152 Talis
334 2090 370 2151 in
384 2088 563 2170 amplexus
578 2086 673 2150 venio
686 2084 709 2149 J
711 2088 796 2150 ovis.
828 2086 918 2168 Ergo
934 2087 1011 2169 quis
1026 2105 1132 2150 ausus
1251 2086 1315 2150 250

224 2187 368 2252 Pallada
383 2189 605 2270 Gorgonem,
620 2187 888 2272 bellatricemque
904 2187 1095 2265 Medusam,

225 2288 295 2353 His
309 2288 456 2353 conferre
471 2289 589 2371 genisl
613 2288 648 2354 N
649 2307 694 2353 on
708 2290 757 2354 sic
771 2289 880 2374 pudor
892 2289 1007 2354 exulat
1020 2291 1143 2367 omnis,

225 2389 274 2454 Ut
288 2390 407 2473 populi
422 2397 533 2464 terror,
547 2391 640 2471 vulgi
655 2390 746 2472 luga,
759 2390 875 2474 bajula
888 2390 979 2468 lethi,

224 2491 327 2571 Quod
343 2498 455 2570 terret,
472 2493 641 2575 placuisse
656 2492 755 2558 velit:
779 2493 832 2556 ris
847 2491 919 2556 dira
933 2493 1059 2571 doceri,

225 2592 315 2657 Diva
330 2600 440 2657 tamen
454 2593 583 2657 dictura
598 2593 666 2659 lui:
682 2613 745 2658 non
760 2594 816 2658 hic
831 2613 1025 2677 opusense,
1249 2598 1313 2660 255

224 2693 362 2778 Angues
376 2695 455 2759 tolle
470 2701 557 2773 tuos,
574 2701 719 2760 armatos
732 2716 821 2761 exue
835 2695 963 2774 vultus,

225 2794 279 2857 Da
294 2795 425 2859 facilem
438 2795 514 2859 visu
529 2794 662 2873 faciem,
676 2795 812 2861 frontem
825 2814 937 2876 exere,
951 2798 1053 2862 cedat

223 2895 354 2973 Caesis,
369 2904 404 2959 ot
418 2897 587 2961 inclusum
603 2899 677 2962 siue
693 2900 859 2980 respirare
872 2904 1042 2962 cerasten:

228 2996 353 3079 Detege
369 2998 460 3081 quod
472 2999 567 3081 galea
582 2999 789 3075 horrendum,
800 2997 891 3080 quod
908 3016 1025 3079 parma
1039 2998 1226 3080 pudendum

254 3268 302 3313 πῖ
324 3264 447 3328 Venturam]
464 3263 575 3317 Juuonis
590 3267 647 3317 hec
664 3265 748 3317 oratio
820 3268 868 3315 2⁶8
887 3262 977 3326 Bujula
987 3262 1057 3325 letti]
1072 3258 1237 3323 θανατοφόρα
1247 3261 1263 3321 ἡ
1273 3260 1313 3311 td-

224 3336 343 3396 ἂγιιόδηιι
360 3339 483 3401 Palladis,
492 3342 555 3401 &tri
565 3342 605 3391 esi
617 3341 746 3405 dropace:
787 3357 860 3390 aaron
878 3339 1054 3403 ἄχθοφοροῦσα.
1071 3338 1190 3402 ‘gerulus
1209 3339 1314 3388 nasucio·

224 3411 627 3478 Venerlu,7tuospssulxuplm
640 3415 746 3478 aalma:
788 3415 864 3467 rom’
885 3423 913 3464 et
934 3413 1084 3463 ‘fallacium
1108 3411 1195 3474 serre,'
1223 3413 1312 3464 Plaut.

224 3485 302 3549 idque
317 3502 348 3536 er
360 3489 454 3539 decoro
465 3505 643 3556 personarum,
654 3506 704 3556 qus
715 3492 748 3541 te
788 3489 885 3539 Pseud.
898 3490 958 3539 Seu.
968 3488 1052 3552 Epist.
1064 3491 1122 3537 tas.
1141 3487 1240 3537 ‘verba
1256 3503 1313 3551 ges·

223 3576 252 3609 re
270 3570 328 3624 pust
345 3563 424 3615 Arist
440 3567 466 3615 iu
483 3568 559 3618 ltlret.
577 3567 749 3630 Demetrium,
788 3573 880 3616 tsreet
892 3565 972 3616 vitiu!

222 3636 422 3700 Hermogenem,
433 3642 576 3693 moltsJol.
587 3642 749 3692 cusarscu·
819 3644 868 3690 2⁶⁸
894 3643 929 3690 Et
947 3641 1060 3690 melum
1075 3640 1126 3689 stre
1142 3638 1262 3702 respirare
1276 3655 1313 3688 ce·

223 3711 299 3773 liger,
312 3725 355 3761 ιιι.
366 3713 440 3762 Post.
451 3717 667 3780 etslllsipssslm.
787 3717 879 3779 mnes]
897 3714 1002 3779 Angues
1025 3728 1057 3763 ex
1077 3715 1164 3776 cupite
1186 3713 1313 3770 Meduaae,

255 3790 302 3837 stt
319 3787 629 3854 &idernltbrumsomfl
644 3791 686 3841 ltu
697 3791 748 3840 Ml·
788 3800 862 3856 quos*
872 3790 981 3840 adverso
1003 3796 1109 3853 pectore
1134 3788 1263 3851 gestabat,
1283 3797 1314 3837 nt

223 3862 422 3926 nurtusrettxf
431 3864 521 3916 libram
532 3874 621 3917 teneas
631 3866 748 3933 equissi-
787 3864 970 3917 lebetone·
964 3864 1100 3915 rudnerv.
1110 3865 1217 3914 Metam.
1225 3863 1314 3927 Apoll.

224 3935 376 3998 mljudiciil
788 3957 821 3992 ιι.
837 3943 923 4002 ’sam
932 3939 1192 4005 δ’διμέητῇᾰπίδι
1184 3941 1314 4002 saislep·

255 4015 305 4060 249
322 4012 407 4061 Nudos
423 4025 452 4062 nt
469 4015 547 4076 cupite
561 4017 653 4079 nunt]
667 4015 747 4080 Apud
786 4017 1030 4081 γόηςτὴνκσφιλὴν
1040 4014 1146 4075 bedese
1163 4014 1244 4065 Prud.
1260 4016 1313 4080 sepi

224 4087 375 4148 buciacum,
392 4088 420 4137 dr
437 4092 497 4139 Ην
512 4090 593 4154 spico,
609 4108 698 4142 omues
719 4106 747 4141 se
787 4098 925 4155 crepito.
942 4093 994 4143 ‘Et
1007 4093 1067 4142 darn
1078 4093 1203 4142 Minerva
1221 4100 1312 4155 pectus

113 4196 114 4199 ,
222 4172 341 4215 exeunte
361 4164 569 4228 upudNustrnm
585 4167 673 4219 Venas
691 4174 747 4218 tsn-
787 4166 1005 4232 hydriussperut!

222 4246 276 4289 tom
287 4246 345 4302 pust
356 4240 505 4305 diuortium.

287 4319 374 4383 Delpd.
383 4325 407 4369 et
420 4320 477 4371 Ver.
488 4320 554 4370 Clut-
696 4322 763 4375 Det.
775 4324 842 4374 Crat.
852 4326 893 4387 sc.
1188 4326 1205 4372 2
1223 4323 1247 4370 1)
