3144 4982
517 384 565 431 ns
589 382 708 431 necno
731 379 904 429 raosarro
929 380 1001 427 ern.
1026 380 1068 428 rr.
1281 368 1338 431 161

252 522 438 597 futurorum
451 528 633 608 praescium
646 525 916 600 memoravimus,
929 524 978 589 nti
993 542 1131 588 causam
1154 526 1240 588 tanti
1263 526 1344 589 mali

257 624 427 689 ediceret⁸
457 627 521 691 llle
535 628 621 690 euim
635 627 826 709 perspicere
841 621 917 688 se¹⁹
931 625 1089 707 originem
1103 625 1243 710 hujusce
1259 644 1344 690 mor·

255 724 305 802 bi,
328 725 388 789 sed
401 726 490 809 haud
503 727 645 790 liberum
658 743 735 789 esse
749 726 905 808 cuiqnam
920 726 1051 807 eloqui:
1074 745 1119 789 ex
1134 745 1200 809 qno
1214 727 1345 790 accide-

255 830 318 901 ret,
329 828 397 890 oti¹
414 827 639 910 potentissimi
653 827 739 908 regis
753 827 961 890 contraheret
975 825 1143 891 offensam.
1175 826 1259 891 Post
1266 847 1343 909 queo

257 922 411 991 Achilles
432 947 525 1010 reges
549 928 692 1010 singulos
713 926 827 1009 adigit,
850 932 887 990 ut
911 927 1107 1010 interposita
1130 926 1345 1010 jurisjurandi

243 1027 424 1110 religione.
433 1027 673 1105 confirmarent,
688 1045 899 1110 nequequam
910 1046 947 1091 se
962 1028 1006 1091 ob
1018 1046 1060 1092 ea
1073 1026 1221 1092 offendi.⁸
1264 1027 1344 1093 Hoc

257 1129 359 1193 modo
382 1127 536 1206 Calchas,
565 1129 624 1192 ubi
647 1134 840 1193 cunctorum
867 1128 997 1192 animos
1018 1129 1052 1192 in
1076 1149 1114 1194 se
1143 1130 1344 1208 conciliavit,

257 1227 428 1313 Apollinis
455 1231 538 1296 iram
564 1231 771 1315 pronuntiat
823 1229 911 1294 Eum
936 1249 1093 1313 namque,
1121 1233 1165 1296 ob
1190 1231 1345 1316 injuriam

257 1331 442 1397 sacerdotis
461 1332 615 1399 infestum
629 1332 777 1409 Graecis,
800 1350 922 1416 poenas
944 1333 987 1396 ab
1008 1332 1155 1397 exercitu
1175 1338 1348 1415 expetere:

175 1459 179 1464 ·
256 1432 344 1496 Dein
358 1434 566 1517 perquirente
583 1433 713 1501 Achille
728 1433 811 1498 mali
824 1432 1015 1512 remedium,
1026 1433 1265 1499 restitutionem
1280 1436 1345 1499 vir·

257 1533 370 1615 ginish
407 1526 621 1620 pronuntiat·
663 1535 746 1620 [ah]
781 1534 867 1600 Tum
897 1533 1123 1618 Agamemnon
1153 1535 1344 1621 conjectans

262 1634 349 1715 quod
371 1655 452 1725 mos
467 1638 601 1716 accidit,
617 1638 762 1703 concilio
782 1638 906 1702 tacitus
921 1656 1088 1719 egressus,
1103 1645 1245 1703 cunctos
1259 1657 1345 1721 qnos

262 1752 374 1801 secum
384 1738 565 1805 habueret²
580 1739 615 1803 in
627 1742 729 1804 armis
740 1758 817 1803 esse
826 1739 937 1822 jubet.
957 1738 997 1802 ld
1010 1740 1070 1803 ubi
1081 1736 1230 1802 Achilles
1239 1738 1345 1802 anim·

257 1834 408 1915 advertit,
428 1847 616 1931 commotas
637 1841 683 1903 rei
698 1837 940 1918 indignatione,
955 1837 1054 1902 simol
1069 1839 1214 1919 pernicie
1225 1837 1345 1901 defessi

233 1962 240 1973 ·
256 1940 571 2014 exercitusanxins,
581 1937 815 2002 defunctorum
825 1953 980 2017 corpora,
991 1936 1211 2000 miserandum
1227 1938 1262 2000 in
1276 1956 1347 1999 mo·

258 2036 340 2100 dnm
355 2036 522 2113 coniecta,
537 2036 682 2118 undique
696 2039 731 2099 in
746 2055 848 2099 unum
863 2034 978 2115 colligi
986 2034 1095 2116 jubet,
1109 2043 1210 2118 atque
1225 2038 1258 2098 io
1273 2054 1350 2098 con·

260 2139 361 2197 ventu
376 2141 454 2196 ante
468 2153 528 2197 ora
541 2135 686 2198 omnium
700 2134 829 2217 projici.
859 2133 940 2212 Quo
956 2134 1148 2217 spectaculo
1162 2133 1249 2198 adeo
1261 2152 1350 2197 com·
1421 2153 1425 2159 ·

263 2232 348 2295 moti
364 2249 457 2313 reges
470 2237 649 2316 gentesque
660 2252 789 2312 omnes,
801 2234 851 2298 uti
863 2232 1061 2297 adversum³
1071 2230 1350 2316 Agamemnonem

263 2350 285 2396 a
299 2333 430 2397 cunctis
443 2339 643 2417 pergeretur,
658 2334 743 2400 doce
757 2342 860 2418 atque
875 2338 1010 2401 anctore
1021 2333 1164 2413 Achille,
1175 2342 1221 2413 et,
1236 2336 1265 2399 si
1277 2355 1351 2419 per-

260 2439 377 2511 staret,
393 2431 575 2511 suadente,¹
590 2435 697 2500 exitio
711 2435 961 2501 vindicandum·
1007 2434 1094 2514 Quae
1109 2437 1167 2501 ubi
1182 2437 1248 2519 regi
1263 2456 1348 2500 nun-

259 2535 369 2612 tiata,⁴
380 2535 564 2619 pertinacia
578 2530 752 2614 animi,‘en
768 2538 812 2602 ob
827 2556 969 2602 amorem
980 2539 1138 2621 captivae,
1154 2544 1275 2604 cuncta
1290 2556 1349 2602 ex·

259 2642 366 2700 neme
379 2643 472 2701 ratus
487 2636 642 2722 experiri,
653 2638 734 2702 nihil
748 2638 980 2704 remittendum
995 2636 1035 2702 de
1047 2639 1235 2704 sententia⁵
1247 2638 1347 2704 desti·

261 2966 309 3011 -9
320 2961 414 3026 Delph.
424 2964 600 3026 micipsa-l
621 2962 715 3025 Delph.
727 2967 764 3019 et,
773 2967 801 3009 et
812 2973 870 3008 mor
880 2960 975 3008 eti-i
992 2959 1089 3022 Delph.
1099 2960 1237 3008 laisa-s
1254 2961 1367 3022 helprae

262 3027 430 3078 dmm—⁴
447 3026 512 3077 Post
521 3026 633 3076 mimis
643 3027 735 3076 inserit
747 3024 840 3088 Delph.
851 3026 964 3072 reeh-o
982 3023 1076 3084 Delph.
1094 3024 1123 3070 de
1139 3023 1256 3075 memte
1271 3025 1352 3071 mio.

762 3198 868 3251 Nom

298 3312 612 3381 'lllenireperrpicereed
626 3313 788 3375 dietrami·
828 3307 917 3371 ἀφέξω,
936 3305 1033 3370 noir-l
1050 3305 1097 3354 ini
1109 3304 1352 3369 :mammatae

265 3389 336 3438 lieet.
746 3384 758 3400 ’
829 3385 955 3435 latrinis
974 3382 1060 3447 maer
1074 3380 1355 3445 Ἀπριάτηηᾶνόπωνοη

298 3464 481 3528 ‘Nequam
495 3482 521 3515 ee
538 3465 566 3514 oh
581 3482 609 3516 oe
627 3465 728 3531 offenda]
745 3463 788 3515 Oh
828 3457 1295 3525 heortawlmtmhsxptw.
1311 3461 1353 3510 ld.

265 3551 299 3587 er
309 3553 367 3602 qne
383 3538 497 3589 dicturos
511 3549 569 3591 eret
587 3541 703 3591 Celehu.
737 3538 789 3588 Alii
829 3539 941 3603 ‘Neque
954 3537 996 3586 hle
1007 3536 1076 3600 prins
1086 3550 1101 3584 e
1112 3540 1186 3599 peste
1196 3550 1289 3597 perer
1297 3550 1351 3585 ma·

264 3613 316 3667 ‘eh
331 3615 381 3672 eol
399 3615 426 3665 id
442 3625 492 3679 eet,
505 3616 706 3667 ‘eceloheote'
736 3613 797 3679 Sed
828 3610 876 3662 nos
897 3610 1050 3673 continebit,
1072 3624 1147 3675 qoem
1169 3610 1235 3673 petri
1256 3609 1351 3660 dilecto

265 3689 308 3740 hie
319 3688 461 3741 Homerum
469 3705 520 3741 non
531 3691 664 3757 eeqnltur;
674 3692 717 3757 qni
727 3690 790 3741 reri·
828 3688 952 3739 reddetur
962 3687 1073 3739 formose
1084 3688 1171 3751 puelle
1178 3687 1285 3749 lneoitr,
1294 3686 1351 3737 eius

265 3764 308 3815 hit
323 3765 488 3815 Gelelremern
508 3766 541 3815 eb
559 3765 659 3816 Achille
675 3767 731 3816 rolo
747 3779 792 3829 pe·
828 3763 994 3814 redemtionis
1013 3764 1112 3826 pretim
1136 3768 1163 3811 et
1181 3761 1291 3812 docetor
1312 3776 1352 3811 ee·

265 3839 349 3897 tilae,
364 3847 394 3888 ut
408 3840 509 3903 juraret
522 3842 594 3890 illum
605 3840 654 3891 sihi
665 3849 693 3890 et
705 3841 791 3891 rerhie
828 3852 874 3888 ere
882 3837 1033 3888 hecatombe
1043 3836 1077 3888 ed
1086 3838 1229 3901 Chrysam!

265 3920 295 3964 et
305 3914 425 3963 menibus
434 3914 622 3964 enrilieturom.
645 3915 721 3967 Quod
732 3929 790 3965 enm
846 3960 848 3965 ⁴
859 3912 866 3946 ¹
883 3914 916 3962 h't
927 3914 950 3961 si
962 3916 1088 3985 pestere,
1099 3915 1220 3972 mdeste,
1230 3911 1284 3974 lfa]
1305 3911 1351 3961 Se·

265 3988 370 4040 inhiet
382 3989 509 4051 Aehiller,
525 3996 578 4039 tom
592 3989 692 4040 demum
705 3997 789 4040 retem
828 3988 880 4039 ries
895 3993 950 4037 est:
969 3986 1071 4038 Achille
1082 3986 1148 4036 doce
1159 3994 1188 4034 et
1198 3992 1312 4046 noetore,
1323 3989 1353 4030 et

265 4065 423 4130 eloqnotom.
642 4104 645 4109 ,
828 4062 954 4114 credente
966 4063 1047 4112 exitio
1060 4060 1240 4110 vindicandum
1253 4070 1319 4122 erse,
1330 4057 1353 4105 sl

297 4138 511 4191 *Remum
538 4138 651 4202 meaa]
682 4141 788 4192 Homer.
829 4137 1006 4202 Agamemnon
1018 4140 1157 4200 perstaret,
1168 4135 1328 4197 persisteret.

263 4216 320 4266 ΟΜ·
336 4216 380 4277 lt«
403 4214 457 4280 ’θ’
481 4217 575 4276 λοιμοῖο
595 4214 690 4277 santo
709 4215 789 4276 xire*
965 4226 971 4231 “

326 4297 417 4362 Delplt,
426 4301 451 4347 ct
465 4297 524 4346 Ver.
536 4296 602 4344 Clos-
733 4293 804 4342 Dici.
817 4291 881 4341 Cret.
1267 4281 1290 4328 1·
