3010 4978
347 301 520 355 Josuuss
544 300 699 349 vossius
724 300 773 347 ns
798 298 913 347 nrcrr
938 300 1084 348 osseo.
1218 285 1260 349 13

213 448 322 512 Etiam
344 446 464 528 Dictys
474 440 659 533 ‚emensis
675 439 766 503 bollo
785 438 932 524 'l'rojeno
948 439 1131 504 Idomenea
1145 462 1264 525 seque·

167 552 278 625 betur,
289 569 327 613 sc
338 554 461 631 praeter
475 544 613 620 ltslios,
624 542 725 607 Suids
736 548 837 618 teste,
850 542 945 606 libris
955 561 1074 606 nouem
1090 544 1265 624 consigna·

169 654 221 716 vit
246 652 367 716 bellum
392 647 598 729 'l'rojennmz
634 644 805 708 Homerus
828 647 937 707 sutem
955 663 1032 707 eum
1054 644 1089 707 in
1112 641 1266 726 polimete

170 771 233 817 suo
261 757 316 816 est
340 752 496 813 secutus:
528 740 708 828 etquidem
735 750 922 808 auctorest
947 744 1100 822 Tsetnes,
1124 743 1212 809 chil.
1228 760 1265 804 ν.

171 853 268 917 Hist.
284 852 343 915 3⁰.

186 1010 192 1021 ,
217 954 323 1018 Porro
338 973 381 1017 ex
398 951 500 1034 Dicty
512 954 546 1013 et
565 949 688 1013 Darete
706 947 913 1031 depromtum
932 967 1006 1011 esse
1030 953 1144 1012 oeus&
1157 948 1265 1014 Scali-

169 1075 242 1140 ger,
264 1054 368 1139 quod,
399 1059 514 1118 contre
535 1051 679 1115 Homeri
703 1056 736 1115 et
758 1050 901 1114 aliorum
923 1051 1167 1129 auomritntem,
1191 1071 1267 1134 per-

170 1157 335 1241 scriptum
351 1156 450 1221 estin
465 1152 635 1218 Chronirm
650 1151 787 1216 Eusebii
801 1151 845 1215 ed
861 1169 914 1215 sn.
932 1166 1131 1216 recocuxu.
1176 1151 1268 1217 Hec-

169 1258 254 1324 toris
279 1256 371 1322 tilios
396 1254 496 1319 Ilium
519 1256 700 1337 recepisse,
723 1253 880 1337 expulsis
909 1250 1089 1317 Antenoris
1106 1255 1267 1335 posteris,

173 1358 312 1424 llelens
327 1356 515 1421 subsidium
529 1354 664 1419 terente.
691 1353 782 1432 Quin
797 1353 964 1436 hodieque
978 1362 1097 1419 extent
1111 1357 1269 1439 anonymi

173 1460 243 1523 duo
256 1459 300 1523 de
323 1457 416 1522 bello
431 1456 594 1540 Trojano,
608 1458 666 1539 qui
690 1456 927 1536 consignarunt
948 1456 1063 1534 libros,
1077 1475 1179 1519 unum
1205 1457 1270 1521 sub

174 1561 306 1625 nomme
334 1559 457 1645 Dictys
483 1557 668 1633 Cretensis,
696 1557 839 1625 alterum
858 1576 939 1623 vero
960 1557 1094 1621 Daretis
1123 1557 1269 1643 Phrygii.

175 1659 280 1739 Quod
304 1667 526 1724 commentum
539 1667 578 1723 ut
600 1658 716 1723 colore
739 1658 855 1741 miquo
880 1656 1155 1739 meliusielleret,
1171 1660 1271 1725 tinxit

173 1763 268 1846 prior
292 1761 459 1846 quendum
485 1760 530 1839 Q.
552 1761 752 1844 Septimium
776 1760 980 1836 Romanum,
996 1759 1054 1842 qni
1075 1780 1137 1844 per
1157 1760 1271 1827 literas

175 1863 382 1945 sigmtiouret
397 1860 441 1939 Q.
456 1860 617 1939 Arcadio,
631 1870 671 1926 nt
682 1863 718 1925 in
733 1860 835 1927 Crete
853 1860 977 1937 insule,
993 1879 1069 1924 cnm
1083 1861 1117 1924 vi
1130 1868 1271 1946 tempos·

179 1965 264 2028 tntis
277 1971 368 2027 term
378 1961 573 2036 desedisset,
593 1962 628 2024 in
644 1962 736 2025 lustu
748 1959 810 2025 illo
822 1960 1017 2043 apperuerit
1031 1961 1152 2045 Dictys
1161 1962 1275 2045 sepul·

185 2082 295 2137 crum,
306 2070 408 2143 utque
430 2062 469 2122 in
482 2080 524 2122 eo
538 2081 561 2123 s
573 2062 763 2141 pastoribus
775 2062 907 2124 inventa
919 2063 961 2127 sit
974 2061 1093 2127 ercule
1106 2061 1274 2146 plumbea,

186 2163 310 2226 librum
328 2161 448 2244 Dictys
465 2162 632 2225 continens
646 2161 787 2226 debello
800 2152 953 2245 Trojnno,
971 2166 1029 2248 qui
1048 2163 1158 2229 literis
1172 2166 1276 2248 scrip-

185 2271 246 2326 tus
260 2261 557 2327 essetPlroeniceis.
581 2262 634 2326 De
649 2262 770 2327 Derete
782 2269 889 2328 antem
902 2265 1049 2350 Phrygio
1063 2267 1131 2331 tsle
1147 2269 1276 2331 auctori

178 2363 315 2449 placuit
328 2361 533 2444 figmentum.
576 2363 764 2429 Cornelium
796 2364 963 2449 Nepotem
977 2367 1107 2433 inducit
1129 2369 1277 2433 scriben-

181 2472 253 2530 tem
278 2465 322 2529 ed
352 2463 509 2545 Crispum
535 2464 743 2541 Sallustium,
769 2470 807 2529 nt
830 2465 973 2531 Athenis
998 2476 1090 2533 esset
1123 2477 1277 2553 repertus

182 2564 376 2651 serpe,
404 2565 513 2646 ipsius
545 2567 692 2631 auctoris
720 2566 981 2649 manuscriptus,
1014 2569 1099 2633 liber
1131 2570 1278 2646 Daretis,

184 2685 288 2750 quem
306 2666 398 2731 dixi:
414 2675 516 2748 etque
530 2676 568 2728 ut
581 2666 668 2731 hunc
684 2666 803 2730 Istinc
817 2673 896 2749 toga
910 2666 1054 2746 donarit,
1071 2676 1107 2733 ut
1120 2670 1277 2735 umieitiee

184 2769 255 2833 hoc
268 2775 514 2834 mmumentum
523 2769 668 2831 muneris
680 2767 757 2830 loeo
767 2766 930 2831 Sallustio
945 2770 1068 2834 mittut.
1111 2769 1177 2833 Sed
1186 2779 1278 2835 extat

185 2870 324 2953 genuini
337 2867 486 2933 Cornelii
511 2867 653 2951 Nepotis
677 2868 759 2932 liber
781 2869 825 2932 de
841 2866 952 2931 Attici
965 2870 1057 2947 rita3
1080 2872 1167 2947 item,
1181 2891 1279 2952 quem

187 2971 328 3054 scripsit
343 2969 387 3034 de
401 2969 661 3052 imperatoribus
675 2971 831 3034 externis
876 2965 966 3044 Quid
981 2966 1033 3030 his
1048 2968 1142 3032 libris
1155 2974 1281 3051 purius,

189 3071 471 3155 elegantiusquel
494 3069 586 3148 Quid
602 3070 645 3134 sd
659 3072 725 3134 ists
739 3068 875 3133 truletio
891 3068 1052 3133 Daretisl
1089 3068 1230 3151 Nempe,
1245 3080 1283 3135 ιιι

189 3173 259 3238 dici
281 3172 379 3250 solet,
400 3173 497 3237 aliter
519 3172 621 3237 catuli
644 3173 746 3247 olent,
774 3170 869 3234 aliter
897 3190 988 3235 sues.
1047 3169 1156 3235 Recte
1185 3171 1283 3253 igitur

189 3273 298 3339 sensit
310 3272 507 3337 Imdosicns
521 3271 628 3337 Vives
641 3273 675 3337 in
698 3272 812 3355 quinto
836 3270 879 3335 de
895 3271 1059 3337 tradendis
1083 3271 1283 3357 disciplinis,

194 3393 270 3438 cnm
286 3374 345 3447 sit,
368 3380 403 3436 et
429 3373 593 3449 Dareta,
608 3377 643 3436 et
666 3371 789 3455 Dictyn
810 3372 912 3435 istum
923 3369 1081 3456 (quorum
1104 3380 1211 3439 tomen
1226 3374 1282 3439 hic

199 3473 369 3555 eliquanto
386 3487 438 3535 cst
453 3472 585 3548 cultior,
601 3479 637 3536 et
649 3467 860 3555 elegantior)
878 3492 954 3538 esse
975 3473 1150 3557 ‘figmenta
1170 3494 1282 3541 eornm

199 3573 260 3655 qni
274 3573 314 3637 de
324 3573 413 3638 bello
427 3573 659 3638 famosissimo
674 3573 846 3640 voluerunt
859 3575 998 3641 ludere.’
