3144 4982
457 393 506 442 uu
529 394 648 442 sunno
673 391 848 442 ruossrto
873 390 944 439 nis.
968 393 1010 440 rr.
1214 379 1279 444 157

184 545 289 619 etque
303 543 341 598 ut
362 535 397 598 ln
419 534 598 600 inserendis
620 534 762 619 injuriis,
786 534 880 602 itaet
895 534 930 596 in
944 533 1135 600 inohouudo
1156 535 1279 617 proelio

183 638 245 700 fite
275 642 448 700 unctores:
470 656 533 699 uos
555 654 733 717 sequemur
752 634 920 698 lacessiti!
961 635 1106 700 Talibus
1131 636 1279 700 invicem

184 738 374 801 consumtis
397 737 524 813 uerbis,
548 736 652 817 legati
676 735 815 798 oonsilio
841 735 972 798 obeunt.
1029 734 1083 800 Ao
1108 755 1188 800 mox
1217 757 1278 820 per

183 835 352 919 populum
365 834 606 911 disseminatis,
616 853 691 917 ques
706 834 904 899 adversum¹
921 834 1053 917 legatos
1064 837 1191 900 AEneos
1202 837 1279 901 dix-

185 943 271 1012 erut,
286 934 450 999 tumultus
464 935 574 1012 oritur,
595 935 725 999 scilieet
748 954 810 1017 per
833 954 910 998 enm
937 937 1125 1000 nniversam
1151 937 1284 1002 Priami·

184 1037 335 1113 domurn,
358 1036 436 1100 odio
458 1035 550 1115 regui
574 1035 658 1117 ejus,
673 1036 822 1118 pessimo
847 1035 1075 1100 intercedendi
1097 1038 1279 1120 exemplo⁰

185 1154 338 1200 eversum
353 1137 404 1200 iri.
446 1134 528 1215 [22]
543 1135 651 1218 Igitur
666 1137 720 1200 ubi
736 1136 838 1217 legati
855 1136 897 1200 sd
911 1138 1095 1201 exercitum
1110 1157 1278 1217 revenere,

186 1237 314 1302 cunetis
333 1236 476 1301 ducibus
500 1236 591 1302 dictu
611 1245 776 1321 gestuque
801 1236 1021 1320 Trojuuorum
1044 1239 1220 1304 adversum
1240 1259 1277 1304 se

183 1347 369 1422 exponunt.
402 1337 520 1421 ltaque
536 1338 734 1418 decernitur,
745 1338 796 1401 uti
808 1324 1031 1421 Pol‘ydorom‘¹
1043 1339 1079 1403 in
1093 1347 1278 1422 conspeetu

183 1441 340 1517 omnium,
354 1446 454 1522 etque
470 1446 546 1504 aute
561 1441 657 1523 ipsos
671 1459 784 1504 muros
797 1446 963 1505 necarent.
1002 1439 1124 1525 Neque
1136 1441 1277 1505 ulterius

185 1541 324 1605 dilatum
339 1540 492 1604 facinus:
511 1541 637 1623 quippo
650 1538 839 1623 productus
860 1541 895 1603 in
917 1540 1077 1618 medinm,
1091 1541 1278 1607 visentibus

187 1660 231 1705 ex
247 1642 370 1705 muris⁸
389 1640 560 1724 plerisque
571 1640 730 1717 hostium,
746 1640 917 1723 lapidibus
932 1642 1032 1720 ictus,
1046 1642 1204 1707 frutetum
1216 1642 1278 1704 im-

186 1743 322 1825 pietatis
344 1762 463 1825 poenus
478 1741 553 1805 luit.
598 1742 651 1805 Ae
665 1760 747 1809 mox
760 1760 847 1806 unus
860 1761 906 1807 ex
920 1744 1133 1822 praeconibus
1148 1744 1278 1808 nuntiu-

187 1849 254 1906 tum
270 1842 451 1907 Iliensibus
465 1843 619 1918 mittitur,
641 1844 687 1905 uti
711 1840 916 1922 Polydorum
939 1840 1165 1922 sepeliendum
1185 1851 1279 1924 pete·

186 1950 264 2006 rent.
308 1941 506 2021 Missusque
530 1939 575 2002 ud
601 1958 673 2002 eum
695 1958 764 2002 rem
787 1939 916 2016 Idaeus,
937 1958 1012 2002 cum
1035 1942 1141 2003 servis
1154 1943 1281 2022 regiis,⁸

185 2041 348 2105 Ioedutum
372 2057 413 2102 ee
439 2038 635 2100 dilaniatum
656 2038 829 2119 lapidibus
855 2036 1061 2117 Polydorum
1085 2040 1183 2101 metri
1206 2041 1281 2121 ejus

188 2138 348 2202 Hecubm
373 2136 480 2199 reiert.
525 2134 660 2198 Interim
676 2134 767 2216 Ajttx
789 2134 1022 2210 Telamonius,
1037 2133 1175 2216 nequid
1191 2130 1282 2217 quie·

189 2243 261 2300 tum
277 2234 429 2300 finitimis
443 2234 557 2318 'nois
580 2235 767 2317 regionibus
781 2239 881 2317 etque
898 2233 1017 2298 amieis
1032 2233 1279 2317 relinqueretur,

186 2336 355 2401 hostiliter
379 2357 438 2402 ees
464 2340 660 2418 ingressus,³
690 2331 871 2420 Botyram‘
888 2334 1103 2419 Cillumqne,⁸
1126 2336 1281 2402 civitates

184 2437 317 2503 divitiis
330 2439 475 2517 nobiles,
495 2440 598 2522 oepit.
643 2435 764 2520 Neque
779 2443 953 2502 contentus
976 2435 1041 2514 his,
1066 2434 1285 2519 Gargarum?-

188 2736 270 2786 inrum
279 2732 428 2784 emendetit
437 2731 564 2782 Obrecht.
575 2745 608 2782 ex
617 2730 682 2797 Arg.
693 2732 803 2783 cmi-r
816 2734 913 2799 Delph.
922 2735 1092 2784 adsume-2
1100 2730 1197 2799 Delph.
1205 2730 1279 2792 rugis.
1371 2724 1375 2729 '

680 2893 785 2945 NOTAE

189 2992 280 3057 virgil.
299 3006 362 3042 rur.
380 2990 437 3041 AEu.
455 2991 463 3019 ‘
480 2991 516 3041 Ut
533 2991 594 3040 beili
612 2990 713 3053 signnm
752 2990 891 3049 Humerus,
909 2987 978 3052 quod
998 2985 1088 3038 sciam,
1111 2995 1170 3031 snm
1190 2981 1224 3029 ab
1242 2981 1279 3030 Α·

190 3066 311 3117 laurenti
320 3066 422 3115 'lurum
432 3065 467 3114 eb
477 3078 538 3114 eres
557 3064 669 3125 Extulit,
688 3069 716 3112 et
752 3065 827 3112 tuille
838 3063 951 3111 occisum
963 3060 1039 3119 dicit,
1048 3057 1079 3106 li.
1090 3062 1117 3104 iz.

188 3157 266 3192 reuco
275 3145 442 3204 strepuerunt
454 3153 550 3189 cornus
561 3137 658 3188 centu!
784 3144 796 3170 θ
815 3135 950 3185 Visentium
959 3147 990 3181 ss
999 3128 1086 3191 merie]
1101 3127 1222 3191 'l'rojsnis
1233 3129 1280 3178 sci·

221 3224 233 3249 ²
250 3215 356 3265 Pessime
365 3213 524 3263 intrudendi
531 3211 649 3276 exemplo]
670 3212 713 3262 ln·
752 3212 822 3261 licet.
849 3209 900 3259 sed
913 3222 959 3257 cur
970 3208 987 3256 li
998 3203 1088 3269 egredi
1100 3217 1151 3252 non
1163 3210 1280 3253 tentare·

191 3288 326 3338 tereedere
335 3289 507 3352 dicunturqui
516 3286 652 3337 semodios
663 3287 714 3337 dis·
751 3295 822 3348 runt,
840 3294 868 3335 ot
887 3281 986 3333 sueinus
1006 3277 1172 3345 impedirent,
1187 3278 1279 3331 saltem

190 3362 339 3425 putentibus
359 3363 541 3423 interpositum
557 3362 612 3412 sire
624 3363 655 3413 sd
668 3377 713 3426 ps·
752 3370 781 3412 ut
792 3359 969 3412 vindicerenti

190 3435 476 3497 eemsiresdlrellsm.
506 3437 713 3487 EthicAEnesm
784 3434 936 3500 ‘BoteremJ
964 3435 1005 3484 De
1024 3433 1073 3481 ltro
1091 3431 1196 3482 eiritste
1214 3432 1277 3482 nihil

189 3511 255 3561 dlcit
268 3511 378 3574 pessimo
392 3512 510 3576 exemplo
527 3512 712 3575 Intercesrisse,
752 3513 847 3563 inveni.
869 3510 963 3561 Persen
975 3509 1114 3572 scripserat
1124 3507 1218 3571 Dictys
1228 3507 1276 3557 Ar·

190 3587 252 3653 quis
264 3584 296 3635 sd
308 3585 402 3635 bellum
413 3586 509 3635 snim'os
520 3587 639 3637 irritavit.
752 3595 852 3651 tyrsum
871 3600 929 3650 qum
947 3584 1007 3634 urbs
1025 3584 1092 3633 inter
1107 3583 1278 3647 Lenpsscum

220 3661 233 3694 ⁴
247 3660 291 3710 vti
302 3661 454 3726 Polydorum]
471 3662 549 3712 certe
558 3663 601 3712 hie
613 3661 712 3712 modes·
751 3669 779 3712 et
791 3660 919 3725 Abydum,
936 3666 965 3710 et
981 3673 1031 3708 oon
1043 3659 1117 3721 longe
1128 3657 1161 3707 sb
1176 3656 1277 3709 Antun-

187 3736 713 3800 timetmoderutionistlroecornm,qusm
751 3739 807 3788 dre.

187 3813 264 3865 mode
291 3813 415 3876 leoderii,
442 3827 493 3861 nou
514 3812 577 3862 sutis
599 3810 715 3861 meminit
784 3810 913 3875 scruas]
931 3809 990 3861 Non
1008 3809 1082 3871 longe
1102 3822 1118 3856 s
1135 3805 1232 3871 Thebe,
1249 3806 1276 3859 in

189 3889 288 3952 llietyr,
303 3889 347 3955 qni
364 3895 417 3938 tem
435 3887 505 3943 imds
523 3885 715 3950 Polydorum
751 3887 864 3938 'l'rosde
895 3885 1052 3948 ersuprs.
1180 3946 1185 3954 Ι
1274 3920 1280 3931 .

189 3962 290 4013 Grecis
308 3965 439 4030 lapidibus
455 3962 530 4014 obtul
541 3961 629 4016 leniet.
660 3961 714 4012 Sed
784 3962 796 3996 Β
814 3959 963 4024 darem]
979 3960 1013 4010 In
1023 3957 1171 4008 summittis
1182 3955 1278 4006 montis

188 4038 231 4086 irie
249 4039 325 4089 etiem
340 4048 431 4091 eostre
448 4040 591 4091 Historiam
610 4045 713 4102 peccet.
751 4038 815 4089 Idu.
849 4035 917 4085 Vide
932 4030 1052 4084 Meerob.
1071 4031 1115 4081 lib.
1125 4043 1151 4079 v.
1167 4043 1225 4094 esp.
1235 4031 1279 4078 ²⁰·

187 4111 410 4177 Polydermenirn
430 4131 445 4166 s
461 4114 658 4179 Polymnestore
669 4113 715 4164 ob·
751 4114 793 4164 Ibi
804 4118 883 4163 stete
893 4109 1026 4160 Stmbenls
1039 4105 1113 4157 tuere
1129 4100 1278 4168 ‘uarum'

188 4196 343 4252 truncetus5
365 4200 396 4241 ot
415 4207 492 4259 ssprs
513 4192 597 4242 retuli.
639 4191 714 4240 Solus
753 4189 812 4239 urbs
825 4186 926 4238 AEelim.
952 4181 1180 4244 triumvirum.
