3120 4962
355 413 534 464 ossnsuss
560 416 717 464 nsnnnu
740 416 848 465 uuum
871 416 911 464 tu
936 416 1010 465 uns.
1033 419 1057 467 t.
1186 403 1252 467 595

166 561 221 602 tuns
232 551 253 601 si
264 550 331 602 forts
347 555 450 617 reponis
460 553 598 615 Aciriiiem,
610 553 689 616 iuspi·
724 554 908 618 conjurationis
934 555 959 603 in
982 555 1150 604 hostiittatem
1171 555 1251 605 stico-

166 643 221 691 με,
242 627 390 690 irscundus,
419 629 592 684 inexorsbiiis,
620 642 689 683 scer.
721 629 892 692 junssucturn
910 638 936 680 at
952 630 1125 680 inviolabilem
1143 629 1250 680 indicat.

165 703 232 753 Jurs
245 710 322 765 neget
333 703 383 752 sibi
394 712 466 764 nats,
477 704 538 752 nihil
551 718 605 752 nun
621 717 689 752 arro·
727 707 803 757 Qrtod
821 708 917 770 legenti
933 706 993 755 miiri
1009 721 1070 755 rane
1083 707 1170 755 mirari
1181 707 1252 756 subit

167 786 210 841 get
223 777 315 828 armis?
332 779 407 829 Quot
418 778 451 827 sd
463 777 570 828 formam
582 777 690 828 Achillis
728 781 856 829 hominurn
880 783 1055 839 securitatem,
1079 780 1123 843 qui
1150 787 1250 830 tuntum

166 852 387 911 uttinet,ssudam
400 853 489 916 pulcre
504 853 577 902 uobis
595 867 690 916 reposs-
727 854 868 904 exercitum
886 854 1036 904 Graecorum
1054 854 1087 902 sd
1106 868 1190 903 muros
1208 854 1252 904 Ilii

164 927 279 976 seutssit
297 927 690 997 lusciusPorphyrogenitus,s
726 928 862 977 admissum
890 944 905 977 s
928 929 1087 978 dominatore
1109 929 1153 979 iiio
1179 930 1250 980 Asise

167 1015 265 1050 summo
279 1002 333 1051 uiro
350 1002 417 1053 Janu
431 1003 569 1066 Rutgessio
588 1005 688 1054 editors
727 1004 824 1067 tingere
841 1011 900 1054 suut
920 1003 985 1053 arisi.
1021 1005 1122 1054 Tantus
1139 1018 1195 1061 rex,
1212 1013 1252 1054 tot

166 1075 328 1137 i'Axsunrir,
349 1078 397 1138 sit‘,
415 1078 536 1143 mmor,
551 1077 628 1140 psi-sas
647 1079 690 1128 ris
727 1080 877 1141 populorum
899 1080 1054 1141 Imperstor,
1075 1088 1114 1129 tot
1136 1079 1251 1128 Heroum
1321 1098 1326 1107 ·

167 1146 243 1209 ὄγκον
251 1151 419 1214 τοῦσώματος,
427 1153 598 1216 summussos,
608 1155 690 1216 rasis,
727 1164 811 1217 peter,
831 1169 881 1204 nou
901 1156 987 1217 potuit
1008 1156 1094 1205 aditus
1116 1156 1188 1217 regni
1211 1155 1250 1204 sui

166 1224 255 1286 tortis,
274 1226 431 1289 «inpiorum,
453 1228 572 1291 oisosciu,
595 1231 689 1292 (tegam
727 1230 835 1287 nsuuise,
851 1243 883 1277 ne
899 1230 957 1278 urbs
972 1230 1072 1293 imperii
1088 1238 1167 1292 ceput
1184 1229 1253 1279 obsi-

166 1299 691 1367 sircaapis,)7oppoisixusrsisiposnpois,
727 1303 857 1354 dereturs
870 1305 1029 1369 principibus
1042 1306 1162 1369 segnium
1173 1320 1251 1356 unurn

165 1373 283 1438 τολῦθριε,
291 1376 424 1440 μοκρόῤῥιν,
433 1378 489 1428 roin
499 1378 572 1428 roias
583 1379 642 1440 itis,
651 1380 691 1429 sui
726 1378 1003 1442 tenentibus-Europe,
1012 1381 1114 1430 minime
1124 1394 1183 1429 cunt
1196 1381 1252 1443 ipuu

164 1451 215 1498 τοῖς
230 1448 320 1511 lupum
336 1453 437 1514 δόκιμος,
447 1452 521 1503 &sris
536 1455 691 1515 rotonum-is,
726 1454 842 1502 amnibus
861 1454 935 1503 unico
947 1455 1136 1517 comparandis.
1169 1454 1251 1504 Porro

165 1526 273 1587 sirmis,
290 1527 424 1590 φιλήδονος,
452 1527 632 1592 metimus,
650 1529 689 1578 esi
725 1541 822 1578 morem
838 1530 916 1578 istum
935 1530 1044 1579 sorsndi
1060 1530 1208 1579 inimicitias
1219 1531 1252 1579 ir·

164 1603 321 1666 «mutum,
330 1609 380 1654 tiso.
399 1607 500 1654 Murum
510 1613 595 1654 sutem
608 1606 689 1669 impu·
725 1603 873 1653 refutabiiss
885 1604 972 1652 nescio
984 1619 1017 1652 sn
1029 1618 1107 1666 suprs
1118 1604 1196 1652 stiam
1208 1618 1253 1652 nc·

165 1680 254 1727 tiantis
265 1679 327 1727 iliud
339 1677 505 1728 ‘iracundus'
517 1679 689 1729 Horstisnnus
726 1679 813 1727 tsrisn:
830 1685 902 1726 certe
912 1678 1091 1726 obstructione
1103 1686 1143 1725 est
1155 1676 1252 1737 digniu-

165 1753 294 1813 desigunt.
309 1753 353 1802 Sic
364 1761 455 1801 contra
465 1756 474 1781 ‘
483 1752 631 1817 potientes'
642 1768 689 1816 pru
725 1753 814 1813 simus,
826 1760 854 1800 et
865 1752 961 1799 mentio
973 1752 1030 1813 ejus
1047 1758 1088 1800 ast
1104 1749 1172 1800 infru
1183 1750 1251 1812 spud

166 1828 252 1890 probis
272 1835 299 1877 et
318 1827 476 1891 simplicibus
503 1829 690 1891 qsrodunsmusio
726 1826 1251 1875 nostrumetisrni.1s.etu.Execrstursn·

167 1904 239 1965 ponit
251 1903 297 1951 lib.
308 1916 340 1953 ss.
355 1910 446 1951 auctor
457 1901 525 1950 idem
541 1902 582 1950 iric
596 1909 690 1951 noster.
727 1909 778 1949 tem
788 1900 814 1949 iu
824 1901 920 1964 popuio
928 1900 980 1949 Dei
988 1900 1095 1949 esuriem
1105 1900 1172 1949 hauc
1180 1915 1251 1950 cere·

165 1978 246 2026 ‘Eum
257 1978 373 2026 seniores
385 1970 594 2025 ismentsticncns
605 1976 691 2024 immo·
726 1975 836 2024 ntoniam
847 1976 992 2024 Hieremias
1005 1975 1138 2036 Prophets
1150 1987 1251 2024 mtv.

167 2052 251 2100 dicum
264 2066 320 2099 cum
333 2052 454 2112 iacrymis
470 2049 640 2112 recipientes,
657 2050 690 2099 ed
726 2064 776 2112 qus
796 2064 823 2097 ss
839 2051 930 2113 utique
947 2049 1100 2099 addixerant
1117 2051 1252 2113 gentilium

167 2125 561 2190 omnisqunsbeodicebsutur,
571 2133 690 2189 tnuqnsm
726 2126 914 2186 superstitioni,
925 2126 1084 2188 interpositis
1096 2126 1158 2175 diris
1177 2125 1252 2189 adju·

167 2201 266 2265 injurie
301 2202 358 2264 ejus
391 2202 529 2264 patientes,
562 2199 692 2250 annuere!
726 2202 878 2250 sationibus.
911 2201 997 2250 Verba
1017 2200 1156 2264 Propheta
1172 2207 1250 2249 suutr

165 2279 263 2327 Tamen
285 2292 316 2326 eo
339 2277 396 2326 ioco
418 2275 486 2324 idssu
509 2275 594 2337 potius
620 2275 688 2337 qssosi
725 2276 781 2323 ‘Et
803 2275 871 2324 dabo
892 2276 959 2325 visos
981 2276 1024 2340 qni
1048 2276 1251 2339 prevaricantur

165 2349 566 2416 ‘cornputieutes'designatisoc
576 2351 690 2398 resisum.
726 2352 809 2401 foedns
828 2367 922 2415 meum,
940 2362 967 2402 et
983 2367 1033 2402 uou
1049 2353 1251 2401 obscuraverunt

166 2427 274 2478 Advers.
286 2440 351 2477 urst.
363 2432 386 2476 7.
727 2429 805 2477 verbs
817 2427 921 2478 foederis
939 2428 1031 2493 quibus
1042 2427 1142 2480 essensi
1154 2420 1212 2475 sur'tt
1224 2427 1251 2475 in

202 2503 299 2552 Vicurs's
314 2508 388 2551 rnorts
403 2502 509 2562 coniugis
523 2499 580 2561 futu
594 2501 690 2563 propriu
726 2514 866 2565 conspectu
883 2517 949 2567 meo,
961 2504 1067 2553 vituium
1079 2517 1154 2567 quesn
1166 2498 1252 2551 couci·

163 2579 307 2642 munierat]
324 2578 333 2606 ⁴
347 2578 478 2627 Viosrisru
498 2576 619 2625 usortenr'
637 2577 688 2625 eis·
725 2575 819 2625 derunt
831 2578 856 2625 in
868 2576 930 2624 duas
943 2584 1040 2639 partes,
1051 2584 1078 2625 et
1093 2577 1252 2625 transierunt

167 2664 259 2716 gauter
279 2654 417 2703 Alcestidis
444 2658 528 2707 uocet,
550 2666 607 2717 quas
631 2652 689 2700 sios
726 2651 793 2700 inter
801 2651 939 2702 divisiones
949 2654 1015 2716 ejns,
1023 2652 1161 2715 Principes
1172 2652 1249 2707 indas

166 2727 251 2776 mariti
262 2727 368 2777 occidit.
400 2726 498 2790 ‘Cujus
509 2734 583 2787 pstor
594 2725 688 2776 Adme-
725 2738 751 2776 et
765 2728 901 2791 Principes
913 2729 1085 2789 Hierusalem,
1097 2728 1212 2777 Eunuchi
1224 2732 1252 2776 ct

165 2811 207 2852 tus
223 2803 350 2867 qnondam
370 2802 464 2851 sicaris
480 2808 561 2849 morte
572 2801 688 2863 conjugis
725 2801 888 2855 Sacerdotes,
903 2807 930 2848 rt
946 2800 1027 2849 omnis
1043 2802 1152 2864 popuius
1164 2807 1254 2861 terrm,

164 2877 218 2929 ists
231 2880 335 2942 propris
351 2875 513 2942 protulerat!
546 2876 588 2926 Ita
600 2877 688 2936 tegen-
726 2876 770 2936 qssi
781 2874 938 2922 trsnsieruut
947 2875 1014 2921 inter
1023 2873 1161 2923 divisiones
1169 2875 1253 2935 rituti,

164 2956 234 3013 dum,
261 2970 319 3005 cnsn
345 2954 433 3017 inepte
460 2950 555 3015 niioqni
587 2948 690 3005 edetur,
726 2946 793 2995 dabo
811 2960 855 2996 eos
870 2947 895 2994 in
915 2961 1003 2994 manus
1019 2948 1177 2997 inimIcorurn
1193 2963 1250 2997 sno·

164 3028 347 3091 ‘pertulerat'
378 3028 498 3076 Siciiirro
510 3024 689 3082 eodem.‘nec
727 3037 791 3078 rum,
813 3029 840 3071 et
862 3021 912 3069 erit
932 3022 1096 3069 morticinum
1116 3035 1205 3071 sorum
1224 3021 1250 3069 iu

166 3102 248 3162 leniri,
256 3103 403 3161 priusquam
411 3108 501 3149 auctor
510 3101 574 3149 tanti
583 3098 689 3149 socieris
725 3112 809 3147 escam
821 3095 966 3146 solntiiibus
977 3094 1054 3144 cmii!

165 3172 243 3222 tilism
256 3182 317 3221 nstn
329 3174 464 3221 maximum
482 3173 601 3221 sicarism
614 3172 689 3222 uicti·
760 3173 863 3220 Martem
875 3176 944 3233 utque
954 3168 1108 3217 concordius
1118 3169 1197 3216 sustris
1207 3168 1252 3216 iss·

166 3261 232 3295 usam
244 3246 415 3295 inmoto-ses:
430 3246 475 3293 Sic
485 3247 494 3273 ‘
503 3246 624 3294 uestium
636 3260 689 3294 mu-
725 3244 888 3295 ussiutiussibss
894 3245 941 3295 sibi
951 3243 1139 3307 udiospituaere]
1152 3244 1252 3293 Scitum

166 3321 227 3371 uns'
244 3323 260 3369 t.
274 3328 305 3370 ts.
326 3321 402 3370 ‘Nec
411 3323 545 3384 quicquam
554 3320 689 3383 deprecari
727 3321 853 3385 estquod
873 3320 920 3381 sit,
935 3321 1008 3369 Deos
1027 3320 1076 3367 sibi
1096 3318 1209 3368 Murtem
1225 3326 1253 3368 et

166 3396 285 3457 amplius,
296 3395 372 3443 modo
384 3395 410 3443 iu
425 3396 509 3443 iocum
521 3394 577 3456 ejus
592 3394 690 3455 Hippo·
727 3395 896 3444 Concordiam
914 3397 983 3444 reiut
999 3393 1108 3456 hospitio
1128 3393 1252 3456 cunjunx·

166 3471 287 3533 damiam,
308 3484 365 3534 quas
385 3482 443 3518 curn
461 3468 562 3518 Achitie
581 3467 691 3530 degeret
727 3468 778 3516 isse
801 3468 909 3518 Grecos
932 3468 1071 3533 principes,
1092 3469 1160 3533 quod
1182 3469 1251 3518 ‘sd-

168 3544 289 3594 sicsrium
300 3558 390 3594 munus
405 3543 690 3603 smintoomrimcci·
726 3541 886 3603 hospitssse'
913 3541 1008 3591 dixisse
1033 3543 1130 3604 priscos
1156 3543 1252 3591 exinde

169 3619 262 3684 perst.'
728 3625 847 3677 sppsrst.
879 3617 915 3665 Ut
935 3615 1056 3665 uidelicet
1074 3632 1132 3666 cuna
1148 3618 1251 3667 eisne·

201 3696 284 3745 cosses
295 3694 406 3744 Herulis
420 3698 473 3756 post
491 3691 616 3741 &mess
629 3691 690 3754 ejas]
727 3699 818 3738 nerunt
831 3689 882 3738 duo
900 3691 950 3738 ista
965 3691 1078 3747 numius,
1088 3699 1115 3740 et
1127 3693 1195 3740 iuter
1206 3705 1251 3740 eon

167 3768 349 3820 ‘Discessum'
369 3784 417 3832 pro
437 3778 520 3818 morra
531 3775 691 3830 usurpatum,
726 3763 883 3812 issbitsrcnt.
916 3764 974 3813 Non
994 3762 1106 3814 occurrit
1123 3779 1192 3814 nnus
1208 3766 1252 3813 sd·

167 3846 209 3894 cui
227 3844 365 3893 similises
384 3845 471 3903 Festo,
483 3843 610 3903 Vitruvio,
628 3841 689 3891 Am·
727 3843 907 3905 inspirationis
937 3843 1011 3906 lustjus
1035 3844 1179 3893 meutioin
1201 3844 1252 3892 siin

168 3919 334 3979 mianu,siiis,
344 3918 406 3968 aiibi
418 3918 568 3967 introimus.
578 3915 689 3966 Adsere.
727 3917 847 3981 quopiam
860 3924 975 3967 auctore.
1010 3917 1118 3967 Adsum.
1130 3930 1196 3968 ssts.
1207 3922 1232 3967 1.

168 4005 258 4042 xxust.
270 3998 309 4043 10.
760 3996 818 4058 §tu
835 3997 874 4045 itu
895 4011 1007 4045 oomss
1028 3997 1131 4045 ornemus
1151 3997 1251 4045 mundo

200 4070 256 4131 §lt
273 4068 376 4116 Porcsss
394 4081 481 4116 nereus
500 4069 526 4116 is
541 4069 624 4128 sorssors
643 4066 691 4118 ns'e·
727 4072 893 4136 retrorsum]
909 4071 1046 4120 ‘Secundo
1059 4070 1251 4120 rumore’ssiet

166 4142 232 4190 disse
244 4140 414 4205 efferrijsbet,
429 4141 484 4206 ie]
503 4142 589 4191 Ritum
607 4146 691 4194 couci·
728 4146 870 4209 snspicato.
912 4146 985 4208 virg.
1002 4146 1058 4194 AEn.
1078 4158 1140 4195 unt.
1160 4144 1251 4207 ‘Ergo
1303 4194 1306 4199 ,

167 4218 256 4281 piendi
273 4219 426 4270 aeramenti
441 4220 495 4268 siue
506 4219 646 4281 jussmeuu
664 4229 691 4271 ct
728 4222 779 4270 itus
798 4221 928 4284 inceptum
951 4221 1068 4270 ceiersut
1089 4234 1188 4270 rumore
1210 4224 1250 4268 se·¹
