3010 4978
302 374 346 441 88
558 387 637 437 sao.
660 384 856 436 ssnraouu
880 384 1130 437 nrssnrrnarro

303 540 440 606 aliorum
455 542 644 614 auctorum,
657 543 694 601 et
705 534 760 600 iris
784 535 872 621 ipsis
889 534 1042 601 Sallustii
1064 534 1163 612 locis,
1178 531 1297 599 ‘sors'
1312 510 1394 599 olins

302 638 390 705 rnale
402 636 512 703 inerat
524 637 662 716 editum,
676 642 713 705 at
726 656 771 703 ex
794 636 899 703 llstis
919 635 1033 703 ‘iors'
1054 635 1255 703 restitutum.
1302 622 1395 702 Vide'

299 746 335 805 st
351 736 559 805 &uncrinus
573 738 707 805 Putrem
720 738 765 804 ad
779 738 914 805 Livium
929 755 956 802 ι.
970 739 1005 804 9.

297 872 301 877 ·
343 855 387 904 11.
399 838 456 906 ⁴7.
477 837 635 923 ‘Trojani
647 858 692 904 ex
706 839 809 906 muris
821 836 1072 926 respectantes?
1096 835 1396 921 llirnmmiscrip·

298 939 674 1026 serit‘despectuntss,'
692 941 865 1026 uicisque
886 961 929 1007 ac
945 957 1000 1006 ιιι.
1013 939 1068 1007 18.
1090 943 1101 978 ‘
1112 936 1183 1017 Qui
1202 939 1313 1004 muris
1336 938 1395 1003 de·

296 1046 500 1127 spectantes,
517 1048 696 1127 postquam
716 1049 856 1109 nostros
869 1047 1008 1127 puratos
1020 1038 1147 1126 prelio
1161 1036 1304 1105 rident:
1348 1037 1394 1103 Et

295 1160 330 1209 n.
344 1141 399 1208 2⁰.
421 1142 530 1209 ‘Cum
549 1162 653 1227 super
670 1163 801 1210 murum
823 1144 1057 1229 despectantes
1080 1139 1230 1225 Trojani,
1249 1140 1396 1207 eomita-

298 1252 370 1308 tunr
382 1243 471 1327 regis
485 1244 595 1310 oculis
608 1245 901 1330 prosequerentur!
944 1246 999 1311 lta
1012 1249 1140 1323 vescet
1154 1243 1229 1308 Liv.
1244 1252 1394 1306 xxxvl.

294 1342 352 1409 2⁶.
374 1342 579 1427 ‘Regionum
599 1365 641 1411 ea
662 1348 809 1413 maxime
828 1348 1005 1432 despectat
1019 1344 1194 1431 oppidum,
1209 1362 1278 1427 qnu
1290 1342 1395 1407 breve

295 1445 505 1511 musculum
519 1446 663 1524 videtur,
679 1455 714 1515 et
735 1450 852 1515 omnia
866 1451 901 1514 in
914 1454 1100 1533 conspectu
1114 1443 1217 1511 snut'

308 1600 312 1607 .
341 1561 400 1610 ιιι.
421 1544 453 1610 1.
474 1545 543 1612 ‘At
565 1545 704 1631 Trojani
730 1569 808 1615 cunr
834 1549 1058 1614 auxiliaribus
1082 1547 1231 1612 laxiores
1258 1544 1395 1623 nuntia,

296 1663 405 1730 neque
426 1648 517 1713 eirca
533 1648 730 1714 exercitium
744 1649 878 1726 soliciti,
887 1648 1066 1715 socordius
1078 1647 1228 1730 agitare!
1250 1645 1398 1711 Certum

295 1746 379 1811 milri
407 1754 464 1812 est
482 1749 657 1833 scripsisse
679 1749 892 1835 Septimium,
915 1749 1067 1815 ‘laxiore
1081 1744 1222 1813 militia!
1266 1744 1400 1810 Solent

295 1847 384 1912 anim
409 1849 457 1914 ita
472 1848 630 1928 Veteres,
643 1856 678 1917 et
697 1850 845 1918 maxime
869 1849 1050 1917 Sallustius
1072 1855 1107 1913 et
1130 1846 1284 1912 Tacitus.
1307 1844 1399 1912 Sall.

296 1946 376 2031 Jug.
389 1948 445 2015 2⁵.
466 1948 657 2032 ‘legantur
676 1951 714 2016 in
726 1948 879 2018 Africam
891 1950 1139 2034 majoresuatn,
1152 1946 1303 2025 nobiles,
1320 1964 1395 2011 am·

296 2046 366 2130 plis
378 2048 562 2114 honoribus
570 2048 593 2129 ς’
606 2050 665 2116 ubi
672 2055 790 2117 contra
796 2050 910 2119 llstos
920 2050 1116 2116 addiderant
1126 2047 1283 2113 Fditores
1298 2047 1394 2113 ‘usi'

294 2148 352 2212 iil.
374 2148 519 2216 ‘Facile
535 2149 708 2218 Numidiae
731 2150 922 2236 persuadet,
936 2168 1014 2215 cunr
1034 2148 1167 2239 ingenio
1181 2146 1310 2227 infido,’
1325 2149 1391 2215 soi·

294 2248 374 2312 licet
393 2249 533 2326 homini,
559 2256 650 2316 ‘tum
674 2252 850 2328 metuenti,
871 2249 940 2326 ne,'
961 2251 1022 2315 isc.
1045 2248 1099 2315 68.
1116 2246 1268 2315 ‘Novus
1290 2267 1389 2313 nemo

295 2351 365 2410 tanr
378 2346 502 2426 clarus,
517 2369 625 2431 neque
647 2355 716 2413 tam
743 2350 885 2430 egregiis
908 2348 1006 2414 iactis
1031 2349 1124 2415 erat.’
1143 2350 1199 2417 st.
1214 2347 1388 2433 ‘Cupidus

291 2444 514 2528 uoluptatum,
528 2448 590 2512 sed
603 2446 717 2531 gloriae
737 2445 905 2529 cupidior,
925 2449 995 2514 otio
1018 2448 1194 2517 luxurioso
1217 2447 1319 2517 esse!
1336 2463 1388 2511 ιν.

296 2543 389 2613 Hist
403 2550 414 2581 ‘
426 2547 579 2631 Regnum
590 2547 740 2613 Persidis
752 2548 886 2633 inclytis
899 2549 1047 2630 diuitiis,’
1056 2552 1147 2636 quod
1157 2553 1246 2619 male
1261 2558 1390 2619 mutant

295 2645 446 2714 Faiirnns
471 2648 562 2732 spnd
591 2647 820 2729 ciacconinrn,
841 2657 877 2715 et
905 2650 1038 2732 Donns,
1053 2652 1088 2718 in
1109 2653 1316 2738 ‘inclytum’
1337 2652 1388 2717 vel

294 2746 478 2833 ‘inclyte’
521 2748 591 2815 Sed
617 2757 654 2816 et
678 2748 762 2829 nilril
789 2749 985 2818 mutandum
1014 2754 1049 2818 in
1076 2753 1160 2820 'lac
1190 2753 1289 2823 Hist.
1304 2770 1330 2821 1.
1354 2752 1388 2819 8.
1493 2822 1494 2827 ,

293 2853 305 2891 ‘
318 2847 461 2917 cluvius
471 2851 524 2918 vir
543 2850 722 2931 facundus,
735 2860 772 2921 et
793 2853 891 2937 pacis
913 2855 1051 2935 artibus,
1065 2854 1147 2922 belli
1165 2852 1388 2942 inexpertus!

293 2950 364 3018 Ubi
389 2971 498 3037 nsque
512 2954 679 3021 subaudio
698 2954 903 3039 ‘expertus'
923 2975 1000 3022 cunr
1014 2954 1193 3035 Rheusno,
1204 2975 1316 3044 neque
1329 2955 1387 3024 ud·

293 3053 432 3121 diderim
448 3055 597 3123 ‘claros’
612 3075 688 3122 cunr
704 3055 834 3122 Fairno
848 3064 886 3122 et
899 3055 1036 3135 Ursino,
1046 3075 1154 3142 nequa
1165 3057 1289 3125 deesse
1304 3054 1385 3141 quid

293 3161 375 3240 puto
401 3174 479 3222 cnm
508 3156 650 3234 Mureto,
674 3156 734 3222 sed
761 3175 907 3241 expono,
921 3157 1019 3223 homo
1040 3158 1162 3225 artiurn
1188 3159 1301 3241 pacis,
1325 3174 1384 3222 ssu

290 3253 394 3334 cujus
406 3263 497 3320 artes
511 3261 604 3321 erant
616 3264 704 3321 arus
717 3256 822 3340 pacis.
863 3256 917 3323 lta
930 3255 1019 3323 idem
1039 3273 1081 3322 ιι.
1093 3258 1126 3324 8.
1147 3259 1384 3326 ‘simulacrum

293 3356 391 3428 Dese,
409 3372 479 3418 non
499 3355 603 3438 effigie
623 3356 782 3436 hnmana,
803 3356 981 3422 continuus
995 3357 1108 3423 orbis!
1149 3356 1238 3422 Vide
1252 3358 1382 3437 etGe17

291 3453 374 3517 liunr
386 3467 420 3515 v.
434 3451 468 3517 8.
510 3452 559 3518 Ut
572 3473 653 3518 vero
667 3453 724 3520 hio
738 3455 891 3521 ‘laxiore
910 3453 1053 3535 militia,'
1068 3457 1118 3523 sio
1141 3460 1154 3493 ⁴
1164 3455 1297 3527 laxiore
1322 3462 1381 3531 im·

291 3548 387 3635 perio
407 3552 530 3616 hebere
540 3552 683 3627 milites,’
696 3572 754 3637 ap.
768 3554 853 3622 Sall.
867 3556 947 3640 Jng.
960 3557 1014 3622 64.

335 3664 393 3715 ιιι.
413 3652 448 3715 6.
476 3649 555 3716 ‘Ac
567 3668 650 3717 nrox
663 3654 799 3737 cognito
812 3674 874 3740 per
886 3658 1082 3722 universum
1093 3656 1278 3727 exercitum
1293 3681 1379 3746 pru>-

289 3750 371 3815 lium
386 3750 421 3815 iu
434 3769 478 3817 ea
490 3758 596 3835 parte,
606 3752 727 3836 reliqui
739 3753 842 3822 duces
855 3756 1049 3833 contirmuti,
1062 3756 1124 3825 ubi
1139 3759 1282 3845 quisque
1295 3781 1377 3847 pug-

288 3858 438 3949 naverat,
449 3850 648 3934 undiqueeo
658 3855 847 3923 confluunt*
867 3858 925 3923 Sic
939 3856 1046 3923 edidit
1054 3856 1220 3943 Amplius.
1231 3860 1378 3928 Obrech-

289 3957 365 4018 tus:
387 3950 422 4017 in
435 3951 514 4017 aliis
529 3949 617 4016 Edd.
631 3952 752 4036 legitur
767 3956 928 4040 ‘proelio’
950 3956 1053 4037 Quod
1066 3961 1097 4025 si
1111 3961 1194 4026 illud
1207 3981 1253 4028 ex
1264 3961 1375 4036 listis,

290 4052 398 4119 sirea
411 4050 575 4131 Mercero,
594 4050 667 4118 sive
688 4055 733 4120 ab
747 4054 925 4139 Obrechto,
946 4063 999 4125 est
1019 4059 1188 4141 haustum,
1206 4061 1261 4149 (ut
1275 4078 1375 4141 ungu·

290 4172 345 4229 rar
359 4170 371 4237 ς
390 4161 482 4232 certe
495 4152 773 4226 eninr-Marcerus
792 4159 926 4242 scrihit,
933 4160 1053 4231 multas
1068 4181 1106 4254 se
1120 4162 1269 4244 mendas,
1280 4158 1373 4239 codi-
