3200 4972
313 389 378 454 3³0
684 400 846 450 nsanrrs
870 400 1028 449 aaaron

314 546 433 613 tratres
448 541 641 619 ulciscatur,
655 541 795 606 insidias
808 542 933 609 Achilli
947 543 1061 619 faciat,
1087 552 1121 609 et
1140 563 1217 610 eum
1240 564 1303 611 uec
1326 545 1397 629 opi·

314 649 445 709 nantem
460 640 613 706 occidat:
636 643 794 723 quoniam
818 643 861 707 ad
886 662 923 707 se
943 642 1083 719 miserit,
1110 652 1145 708 et
1170 645 1336 726 rogaverit
1362 648 1398 711 ut

314 742 379 807 sihi
393 740 567 825 Polyxena
582 744 615 807 iu
627 742 840 807 matrimonio
856 743 1001 822 daretur,
1022 763 1059 808 se
1075 743 1117 808 ad
1131 764 1206 809 euru
1222 745 1398 810 missuram

191 826 194 831 ¹
237 929 240 933 ἶ
312 840 440 906 Priami
454 843 578 919 uerbis,
594 855 632 906 ut
646 862 763 927 pacem
778 842 1054 927 soedusqueiuter
1070 862 1108 909 se
1122 844 1262 923 firment,
1276 847 1398 910 ennena

314 948 474 1027 tuantque
495 942 529 1006 iu
553 942 632 1007 lano
654 942 822 1027 Apollinis
846 944 1053 1027 Thymbraei,
1075 955 1154 1010 ante
1178 954 1335 1031 portam:
1356 965 1397 1009 eo

315 1042 479 1110 Achillem
500 1052 686 1120 ventnmm,
709 1043 968 1109 collocuturum:
989 1045 1037 1110 ihi
1062 1045 1202 1111 insidias
1226 1045 1396 1110 collocari:

317 1146 402 1210 satis
430 1145 509 1208 vitae
534 1162 604 1207 snae
627 1162 700 1207 esse
727 1144 757 1206 si
783 1162 858 1207 eum
884 1144 1062 1210 occiderit:
1085 1146 1174 1228 quod
1205 1147 1398 1211 temerarius

315 1243 506 1309 Alexander
518 1252 598 1325 erat,
613 1244 683 1308 cito
697 1262 733 1307 se
746 1243 898 1327 promisit
911 1242 1088 1312 sacrarum.
1133 1243 1248 1309 Noctu
1269 1244 1398 1309 ducun-

315 1350 368 1408 tur
381 1343 423 1407 de
436 1344 585 1409 exercitu
601 1343 781 1419 fortissimi,
795 1352 830 1408 et
844 1344 877 1407 iu
892 1345 972 1409 iano
985 1343 1155 1428 Apollinis
1169 1344 1396 1409 collocantur:

315 1445 446 1527 signum
468 1446 648 1528 accipiunt.
693 1443 836 1509 Hecuba
857 1444 899 1508 ad
921 1443 1100 1520 Achillem,
1125 1443 1249 1508 Priami
1276 1443 1398 1520 verbis,

290 1542 295 1551 ’
316 1546 418 1610 sicuti
432 1546 639 1617 condixerat,
652 1545 799 1610 nuntium
819 1545 932 1609 mittit.
974 1543 1129 1610 Achilles
1142 1545 1253 1619 loetus,
1271 1544 1397 1628 Polyx-

316 1664 413 1711 enam
432 1665 558 1723 amaus,
572 1650 705 1727 postem
718 1644 773 1709 die
789 1644 832 1707 ad
847 1645 959 1710 sanum
975 1665 1012 1709 se
1026 1649 1198 1711 venturum
1215 1645 1399 1710 constituit.

318 1745 363 1809 Et
374 1746 562 1829 insequenti
577 1745 633 1809 die
647 1764 724 1808 cum
738 1743 920 1809 Antilocho
934 1743 1004 1810 lilio
1026 1742 1183 1809 Nestoris
1205 1743 1247 1808 ad
1272 1744 1397 1808 consti·

181 1882 185 1887 ·
318 1853 423 1912 tutum
439 1848 539 1921 veuit,
552 1845 720 1928 simulque
733 1849 771 1909 nt
782 1845 976 1909 introivitin
989 1843 1115 1921 tanum,
1136 1863 1181 1908 ex
1203 1843 1334 1908 insidiis
1344 1863 1401 1908 oc-

318 1954 458 2016 currunt.
502 1946 660 2030 Undique
681 1946 750 2010 tela
764 1945 991 2029 conjiciuntrl‘
1012 1965 1072 2010 eos
1094 1944 1192 2009 Paris
1206 1944 1400 2011 Alexander

318 2048 480 2115 hortatur.
529 2047 680 2113 Achilles
705 2065 782 2111 cum
804 2045 999 2123 Antilocho,
1022 2044 1162 2109 brachio
1187 2044 1320 2110 sinistro
1346 2064 1403 2110 co·

318 2156 446 2234 operto,
460 2149 578 2215 dextro
590 2166 700 2211 ensem
716 2154 845 2225 tenens,
860 2145 941 2210 iacit
954 2148 1129 2229 impetum.
1161 2144 1309 2211 Achilles
1322 2145 1404 2210 mul-

319 2257 373 2316 tos
397 2250 533 2317 occidit.
575 2248 768 2314 Alexander
788 2238 1003 2311 Antilochum
1026 2253 1060 2311 et
1076 2245 1267 2311 Achillemq
1293 2245 1404 2310 multis

318 2350 442 2433 plagis'
457 2350 617 2414 confodit
662 2349 716 2414 Ita
729 2347 878 2413 Achilles
891 2366 935 2412 ex
950 2346 1089 2423 insidiis,
1110 2346 1326 2430 mquicquaru
1341 2346 1404 2411 sor·

320 2449 396 2513 titer
418 2449 554 2527 faciens,
574 2451 716 2514 animam
741 2449 869 2514 amisit:
891 2467 989 2532 quern
1012 2446 1206 2512 Alexander
1226 2444 1345 2509 auferri
1369 2449 1404 2509 et

320 2549 511 2615 volucribus
525 2550 644 2634 projici
653 2550 763 2634 juhet.
806 2550 849 2614 ld
863 2570 904 2614 ne
919 2550 1013 2614 lieret
1029 2547 1179 2612 Helenus
1192 2545 1299 2609 multa
1311 2564 1402 2611 com-

320 2668 510 2716 memorans
523 2652 686 2737 prohihet,
702 2658 735 2717 et
749 2670 809 2715 eos
824 2652 866 2717 de
880 2651 957 2716 lano
972 2649 1049 2733 ejici
1058 2648 1167 2732 jubet,
1179 2653 1212 2711 ct
1222 2644 1293 2710 suis
1305 2646 1403 2712 tradi.

320 2750 484 2816 Achillem
498 2762 533 2818 et
548 2752 765 2818 Antilochum
792 2751 828 2815 in
850 2758 961 2818 castra
976 2750 1125 2816 afferunt.
1171 2746 1404 2829 Agamemnon

320 2851 488 2918 Achillem
504 2852 679 2936 magnifico
692 2852 806 2917 funere
821 2852 936 2917 effert:
948 2862 981 2915 et
996 2855 1031 2914 ut
1041 2848 1230 2932 sepulcrum
1243 2847 1275 2909 ei
1285 2847 1402 2923 iaciat,

322 2954 502 3020 aPrium'o
531 2954 683 3020 inducias
717 2954 812 3039 petit,
847 2952 962 3037 ibique
998 2950 1098 3014 ludos
1127 2946 1279 3011 funebres
1307 2946 1403 3012 facit.

321 3054 404 3139 [dh]
441 3055 573 3122 Deinde
600 3055 780 3121 concilium
810 3057 995 3118 conuocat:
1031 3049 1177 3132 Argivos
1202 3047 1402 3132 alloquitur;

321 3157 432 3242 placet
446 3159 601 3222 omnihus
613 3163 651 3221 ut
665 3156 744 3240 quid
765 3154 921 3221 faciendo
936 3170 1026 3236 opus
1049 3150 1093 3214 sit
1107 3148 1165 3213 Dii
1180 3149 1405 3214 consulantur.

322 3255 461 3323 Mittunt
474 3259 626 3324 continno
641 3259 698 3341 qui
711 3259 885 3323 consulere
899 3255 1061 3319 debeant:
1076 3251 1134 3333 qui
1146 3268 1339 3335 responsum
1349 3268 1407 3313 ac·

323 3355 474 3436 cipiunt,¹
495 3378 553 3442 per
565 3357 710 3423 Achillis
724 3357 913 3440 pmgeniem
935 3353 1032 3419 duem
1059 3351 1179 3434 negotii
1194 3350 1275 3413 lieri.
1319 3346 1405 3413 (ium

323 3451 397 3517 haec
411 3457 518 3520 nuntii
539 3459 742 3536 retulissent,
756 3457 849 3542 Ajax
863 3457 934 3522 ait:
956 3474 1033 3521 cnm
1048 3450 1171 3518 Achilli
1186 3450 1274 3514 lilius
1291 3449 1405 3534 Neop-

322 3550 464 3621 tolemus
484 3552 638 3640 supersit,
668 3576 743 3624 euru
768 3564 922 3641 oportere
948 3554 1103 3623 accersiri
1129 3551 1172 3616 ad
1207 3552 1404 3626 exercitum,

814 3735 922 3787 NOTAE

356 3832 369 3867 Ρ
383 3826 491 3893 Undique
500 3829 547 3879 telo
557 3830 694 3894 multat]
704 3832 790 3882 Aliter
797 3831 847 3881 hoc
886 3830 983 3881 minato
993 3827 1048 3876 ictu
1059 3823 1185 3875 Achillem
1197 3820 1348 3874 conlectum.

324 3910 413 3955 neunt
424 3902 527 3967 Dictys,
537 3919 613 3969 quern
623 3907 681 3956 ride
692 3921 730 3958 rr.
742 3912 783 3958 il.
917 3910 928 3937 ⁸
945 3901 1138 3964 Quiritum!
1145 3896 1275 3962 mim]
1287 3896 1408 3947 Alllml·

355 3986 368 4023 t
383 3977 532 4033 Aeneam
541 3979 701 4046 etdelilleur]
712 3982 763 4033 Sed
772 3983 847 4034 Auti-
886 3978 959 4034 hunt,
968 3977 1098 4027 Helenum
1112 3975 1222 4025 edixisse
1232 3973 1333 4024 Grecis
1344 3970 1409 4036 iore,

324 4056 425 4107 lechum
436 4054 599 4105 eumaeus
609 4056 721 4106 oculeum
733 4064 846 4121 nument,
886 4062 914 4105 nt
931 4069 977 4121 per
990 4053 1194 4118 Neoptolemum
1208 4051 1286 4114 ‘l'reja
1303 4061 1409 4113 cepere

326 4129 435 4179 Homer.
451 4129 553 4194 Dictys,
562 4129 643 4180 etalii
654 4142 750 4180 omues.
884 4139 935 4182 tur.
968 4128 1089 4194 Sophoel.
1100 4128 1127 4179 in
1136 4126 1276 4178 Philoclen
1291 4124 1409 4182 Testem,

357 4211 368 4239 ¹
384 4204 566 4271 dleuuploeie]
587 4205 679 4269 Dictys
693 4205 785 4258 scrihlt
799 4221 844 4273 pe·
883 4208 909 4259 tn
922 4205 1046 4271 hyccphr.
1091 4274 1095 4281 ¹
