3208 4968
725 398 932 447 aurnunlx.

491 910 710 1003 OLAUS
760 906 1181 1007 BORRICHIUS

814 1161 858 1202 DE

406 1349 634 1427 VARIIS
685 1350 953 1431 LATINAE
1002 1357 1270 1437 LINGUAE

513 1710 516 1717 Ι
606 1613 869 1694 AETATIBUS,
895 1615 986 1683 Pso.
1011 1619 1061 1686 12.

295 2159 339 2225 Iu
363 2159 531 2244 Argentea
551 2156 707 2242 Scioppii
722 2161 821 2223 aetate
844 2157 1006 2229 manullo
1026 2157 1126 2224 etiam
1146 2157 1382 2225 desiderabunt

211 2282 214 2287 ¹
292 2262 407 2326 forsan
420 2261 478 2346 qui
492 2279 560 2325 rem
574 2259 735 2325 attentius
749 2257 975 2341 expenderint
998 2258 1122 2341 Dictys
1134 2257 1305 2326 Cretensis
1315 2276 1383 2323 nou

293 2366 511 2442 repraesentat
529 2360 659 2441 genium
677 2357 768 2423 illius
791 2358 920 2424 saculi.
964 2357 1097 2443 Pugnat
1111 2361 1244 2443 quidem
1264 2377 1326 2440 pro
1339 2376 1381 2424 eo

292 2459 502 2525 vehementer
520 2458 714 2543 Scioppius,
729 2466 761 2523 et
776 2460 912 2527 omnino
925 2459 1063 2540 velleii,
1077 2459 1206 2526 Valerii
1226 2458 1382 2535 Maximi,

293 2562 350 2624 aut
363 2558 471 2624 Curtii
482 2563 584 2625 atate
595 2559 639 2624 ab
652 2560 767 2643 aliquo
777 2558 940 2643 elegantis
948 2561 1071 2644 ingenii
1081 2559 1239 2646 etjudieii
1248 2557 1379 2624 homine

293 2660 455 2741 scriptum
480 2658 671 2739 arbitratur,
694 2662 803 2744 inque·
821 2660 952 2728 Josiam
980 2660 1175 2739 Meroerum,
1199 2667 1380 2744 negantem,

292 2760 424 2838 acerbe,
439 2778 531 2825 more
545 2778 619 2839 suo,
633 2761 803 2827 invehitur.
825 2762 894 2828 Seri
908 2762 1055 2828 Vossius
1068 2761 1239 2827 maturiori
1247 2760 1378 2843 judicio

292 2859 448 2926 transfmt
471 2861 662 2947 scriptorem
688 2865 787 2944 huno,
804 2864 879 2931 Lib.
905 2864 948 2929 de
973 2862 1065 2928 Hist.
1088 2861 1200 2929 latin.
1214 2862 1248 2927 in
1267 2879 1378 2927 eorum

291 2960 503 3028 Constantini
518 2962 645 3048 Magni,
659 2973 730 3044 aut,
745 2965 837 3051 quod
860 2964 969 3031 adhuc
985 2962 1196 3027 verisimilius
1217 2968 1328 3045 putat,
1341 2962 1379 3028 in

290 3063 420 3148 aliquot
432 3072 510 3151 post
523 3064 776 3133 Constantinum
792 3067 950 3150 Magnum
966 3068 1097 3129 aomos·
1119 3060 1212 3141 Quin
1225 3069 1261 3128 et
1273 3062 1377 3130 dictio

290 3167 367 3249 ipsa
380 3167 483 3250 hujus
498 3164 544 3245 Q.
558 3167 714 3251 Septimii
729 3167 889 3243 Romani,
903 3164 979 3251 (qui
994 3164 1122 3248 Dictyu
1136 3163 1295 3231 Graecum
1305 3183 1379 3232 rer·

290 3269 373 3332 tisse
388 3264 562 3350 ereditur,)
570 3277 750 3352 utcumque
765 3287 831 3332 uon
844 3265 1032 3351 ineiegans,
1046 3266 1148 3333 refert
1158 3272 1268 3333 tamen
1282 3284 1379 3353 saepe

290 3368 407 3431 neseio
421 3368 502 3451 quid
516 3387 694 3453 creperum,
706 3374 740 3434 et
753 3370 825 3434 auri
841 3369 939 3435 tereti
950 3368 1159 3435 inusitatum.
1192 3366 1282 3447 Quis
1292 3370 1380 3433 euim

291 3472 457 3546 argenteas
469 3470 580 3535 aetatis
588 3470 755 3558 judicabit
769 3471 861 3536 istut
888 3488 914 3537 ι.
928 3471 970 3537 de
985 3470 1085 3537 Bello
1099 3470 1235 3554 Trojan.
1256 3466 1380 3545 ‘Inde’

289 3565 406 3647 iuquit,
429 3569 538 3650 ‘quod
554 3570 627 3654 jam
648 3569 840 3637 Alexander
862 3572 1023 3656 abreptis,
1045 3589 1122 3656 qum
1144 3570 1305 3653 cupierat,
1319 3566 1379 3632 ab·

241 3712 253 3731 1
290 3667 494 3732 suessionem
514 3675 730 3754 properabat,
744 3682 872 3758 paruo·
894 3682 1044 3758 tempore
1066 3671 1185 3737 armati
1207 3669 1251 3736 ad
1273 3684 1377 3733 naves

289 3765 445 3833 veniunt!
488 3769 597 3837 Paulo
612 3780 713 3856 post:
735 3774 869 3858 ‘Atque
891 3775 939 3839 ito
959 3768 1153 3853 sagitmtist
1172 3768 1246 3853 jam
1259 3767 1377 3852 prelio

289 3866 440 3931 hostibus
449 3870 615 3936 evadunt?
636 3873 754 3955 Dices,
763 3876 919 3957 sagittare
927 3872 1068 3953 probum
1075 3876 1134 3936 est
1157 3868 1378 3945 Nondamno,

290 3967 352 4032 sed
373 3974 539 4051 argenteae
562 3971 671 4034 atatis
696 3992 772 4037 ease
794 3971 881 4038 unde
901 3970 1213 4037 demonstrabitur?
1249 3969 1378 4034 Justini

290 4068 427 4152 quidem
441 4075 495 4132 aet
512 4083 575 4134 ιιι.
591 4068 699 4134 solini
713 4071 768 4138 22.
782 4070 902 4156 Veget.
916 4067 958 4132 de
979 4088 1016 4134 re
1033 4068 1136 4137 milit.
1157 4085 1214 4138 ιιι.
1227 4070 1260 4135 9.
1275 4073 1309 4133 et
1323 4067 1375 4131 15.

617 4258 629 4284 ¹
645 4253 673 4304 L
686 4267 740 4317 pro.
869 4254 881 4287 '³
897 4252 929 4305 L.
938 4252 1063 4320 irrigatis.
