3010 4978
392 326 440 373 ns
462 324 646 373 rrrsrosrn
671 323 783 372 ssnnr
806 325 984 375 rnosnrtr.
1184 314 1230 379 Ἃ)

131 469 244 539 sedet
257 488 301 533 ex
313 468 400 545 eliis,
413 475 450 532 et
464 468 615 531 maxime
629 485 671 530 ex
687 466 837 550 Sisypho
859 468 943 546 Coo,
959 470 1123 551 scriptore
1137 470 1230 552 ejus-

131 570 211 635 dcm
224 569 339 633 furiose
353 576 388 633 et
400 576 507 644 noter,
523 586 623 649 quern
636 567 802 631 tinxerunt
815 569 938 633 Teucri
952 572 987 633 in
1005 572 1074 635 iste
1088 573 1229 654 expedi-

131 670 225 734 tione
248 671 355 735 suisse
370 668 550 743 Comitem,
564 674 598 730 et
621 677 694 731 unte
717 668 903 732 Homerum
925 671 1040 733 itidem
1062 672 1226 755 Trojauss

131 789 194 835 res
204 771 397 852 posteritati
412 769 608 850 prodidisse.
650 768 878 833 Vide.Malel.
900 790 977 852 pag.
996 773 1067 836 167.
1094 779 1129 836 et
1152 773 1226 838 168.

132 869 221 933 lude
236 889 318 952 ergo
332 870 448 934 hebuit
461 868 605 931 Maleles
619 868 820 932 hauddubie
834 889 945 951 penes
958 871 1026 945 illu,
1038 854 1115 953 qum
1131 873 1228 936 uliter

131 990 178 1034 uo
194 970 379 1052 Septimius
398 989 441 1033 ex
465 988 529 1032 sus
553 968 695 1053 Dictyos
719 966 939 1053 Epiremeride
959 970 1067 1034 refert.
1108 972 1226 1038 Taceo

130 1072 247 1148 etism,
263 1070 458 1153 Septimium
478 1070 614 1132 liberius
636 1071 671 1131 in
692 1069 850 1133 vertendo
871 1070 992 1151 egisse,
1007 1090 1049 1135 ec
1065 1074 1167 1137 modo
1179 1075 1227 1138 iu-

129 1172 279 1236 dulsisse
294 1171 437 1235 orationi
454 1172 486 1232 iu
501 1173 604 1235 rebus
626 1169 779 1234 disertius
787 1169 1028 1252 explanandis,
1041 1172 1143 1236 rnodo
1156 1192 1228 1237 nur·

128 1274 292 1336 rntiouem
314 1290 423 1334 rerum
445 1273 667 1348 contraxisse,
684 1271 847 1335 Maletum
871 1288 964 1348 vero,
986 1278 1025 1333 ut
1040 1272 1229 1354 sepissime

129 1373 164 1435 in
178 1373 258 1436 eliis
272 1373 357 1435 facit
370 1372 530 1447 historiis,
546 1372 648 1434 etium
663 1371 718 1434 iric
733 1369 825 1434 haud
839 1369 951 1447 dubie,
961 1372 1131 1435 memorius
1145 1371 1228 1438 vitio

130 1478 191 1536 aut
203 1473 382 1554 imperitiae
397 1473 511 1553 culpa,
527 1472 655 1552 saepius
676 1489 827 1550 errasse3
849 1469 991 1551 denique
1012 1488 1105 1552 saepe
1125 1472 1228 1536 etium

131 1572 305 1653 utriusque
318 1570 471 1634 librarios
485 1589 508 1632 u
517 1588 598 1633 sero
609 1577 644 1632 et
662 1570 805 1651 genuino
820 1569 928 1650 ipsius
943 1571 1092 1633 auctoris
1105 1570 1231 1637 deflex-

130 1672 212 1734 isse.
259 1667 337 1747 Qno
358 1669 477 1745 refero,
500 1671 647 1733 incertus
669 1676 794 1746 tumen,
814 1674 922 1731 utrum
945 1669 991 1732 sd
1011 1669 1227 1749 librariorum,

131 1790 173 1834 nn
190 1772 307 1853 potins
324 1769 459 1833 Mnieiae
479 1770 586 1851 ipsius
599 1768 750 1850 culpam,
765 1767 858 1849 quod
879 1769 913 1830 in
931 1769 1034 1831 modo
1048 1777 1230 1836 memorate
1335 1804 1337 1807 ·

132 1870 276 1933 historie
289 1871 427 1933 alterum
437 1869 566 1933 illerum
582 1868 732 1933 Menelai
747 1867 904 1945 affinium,
919 1888 986 1933 nou
1007 1873 1020 1905 ‘
1028 1867 1230 1953 Clymeneu,'

133 1978 172 2033 ut
192 1971 277 2032 iacit
298 1967 483 2043 Homerus,
494 1967 652 2044 Ovidius,
672 1975 708 2032 et
721 1968 906 2049 Septimius
917 1975 1041 2047 noster,
1055 1969 1116 2032 sed
1132 1968 1230 2053 ‘Gly-

137 2065 390 2131 tsemuestmm'
414 2085 543 2146 semper
557 2073 665 2130 vocet.
708 2066 852 2129 Accedit
862 2067 925 2145 liis,
939 2068 1028 2150 quud
1042 2074 1076 2131 et
1087 2067 1231 2133 Muluius

137 2185 211 2230 uon
222 2164 435 2245 descripserit
444 2163 544 2246 plane
558 2164 694 2246 Dictys,
703 2164 762 2228 sed
773 2183 900 2229 summa
913 2167 1025 2231 itidem
1041 2168 1116 2231 cnrn'
1131 2168 1231 2233 liber-

137 2270 210 2329 tste
225 2283 269 2327 ex
285 2265 442 2327 memoria
455 2264 586 2346 longius
608 2273 669 2329 eut
683 2266 816 2329 brevius
838 2269 908 2331 suis
929 2268 1042 2331 verbis
1055 2288 1109 2333 res
1130 2287 1174 2333 ex
1187 2288 1229 2333 eo

134 2365 291 2446 singulus
310 2365 523 2447 expresserit,
544 2371 581 2428 nt
599 2363 708 2447 liquet
728 2384 774 2429 ex
800 2373 851 2430 tot
872 2368 1021 2431 bmbnris
1043 2370 1228 2445 vocubulis,

133 2466 236 2529 sicuti
250 2464 377 2546 passim
399 2465 493 2541 alibi,
508 2466 557 2529 its
584 2465 618 2528 iu
640 2463 705 2531 lruc
725 2486 859 2549 quoque
879 2465 1022 2531 historia
1041 2470 1130 2553 epud
1150 2490 1227 2534 euru

132 2565 396 2630 occurrentibus.
441 2564 560 2629 Veluti
574 2563 703 2628 δουλίδων
716 2566 966 2651 κωβικουλαρῖων,
982 2566 1057 2635 119.
1077 2568 1227 2654 spatiatim

131 2668 183 2741 τὴν
201 2664 317 2749 χώραν,
331 2665 407 2729 126.
428 2668 456 2726 ir
476 2669 520 2748 τῷ
542 2663 600 2750 ἰδίᾳ
621 2673 792 2744 emmiu,
816 2668 890 2734 127.
911 2667 971 2730 idm
989 2668 1130 2749 partera,
1151 2668 1227 2739 136.

132 2775 169 2833 et
182 2769 262 2845 elia,
282 2787 361 2850 quse
375 2767 582 2833 alienissime
597 2778 709 2834 sunta
726 2769 853 2835 Graeco
869 2772 1031 2852 temporis
1047 2771 1228 2837 Neroniani

135 2869 313 2950 scriptore.

181 2982 271 3031 xrrr.
293 2964 397 3032 Aliud
420 2988 501 3033 vero
521 2969 600 3033 hnic
623 2970 797 3035 senteutiae
820 2968 985 3050 opposuit
998 2965 1063 3029 Vir
1077 2966 1230 3031 doctissi-

134 3087 222 3141 mus,
236 3067 313 3131 Jos.
331 3068 514 3143 Mercerns,
537 3077 572 3132 et
593 3088 670 3151 quae
693 3088 773 3133 enm
803 3069 965 3150 seqnitur,
996 3063 1095 3129 Anna
1116 3065 1231 3145 Fabri,

134 3168 306 3232 credentes
327 3169 466 3251 puriter,
481 3169 607 3253 Dictyn
628 3169 734 3245 illum,
757 3171 768 3203 ‘
779 3168 878 3252 cnjus
893 3168 1021 3233 mentio
1040 3166 1131 3249 apud
1153 3166 1231 3232 Sui·
1357 3216 1362 3225 .

134 3268 211 3331 dem
240 3276 275 3332 et
302 3268 459 3345 Tsetzeu,
483 3270 586 3333 elium
607 3289 684 3335 esse
705 3289 727 3335 s
750 3269 888 3347 Nostro,
914 3272 995 3353 quis
1016 3270 1106 3350 opud
1134 3271 1227 3335 illum

138 3366 284 3445 OEuoue,
299 3370 415 3434 auditu
430 3376 536 3434 morte
550 3372 699 3447 Paridis,
715 3371 893 3453 suspendio
915 3373 1062 3452 seipsum
1083 3372 1228 3435 sustule-

136 3466 195 3541 rit,
222 3489 295 3550 quae
322 3471 413 3552 apud
443 3469 603 3534 Nostmm
621 3487 670 3533 ιν.
692 3471 746 3535 21.
771 3490 831 3553 per
855 3490 1029 3536 moerorem
1054 3471 1226 3536 deficiente

136 3568 253 3629 animo
264 3569 470 3635 conciderit?
496 3570 699 3654 Respiciunt
710 3568 819 3635 iocum
827 3571 962 3636 Tzetris
977 3571 1021 3636 ed
1034 3571 1227 3656 Lycophro-

133 3687 230 3742 nem,
245 3665 300 3728 61.
312 3670 367 3731 nbi
377 3671 499 3753 dicitnr
512 3670 658 3747 OEuoue,
667 3692 743 3736 curn
752 3670 1022 3754 deprehendisset
1036 3675 1227 3736 ‘mortuum

127 3766 204 3850 jum
230 3764 348 3842 Parin,
367 3788 402 3832 se
428 3773 538 3853 ipsam
561 3771 752 3847 sustulisse,
766 3771 821 3835 vel
844 3771 1025 3851 secundum
1046 3766 1228 3844 Coiutnm,'

130 3872 252 3949 (quem
268 3886 291 3931 a
306 3864 433 3942 Quinto
445 3870 588 3935 Celebre
602 3876 760 3955 tunquam
775 3871 938 3935 diversum
955 3869 1041 3932 mele
1053 3868 1228 3950 distinguit

131 3967 556 4045 Anne,uotuussd1r.2l.
579 3971 757 4038 ‘cointum
769 3976 903 4037 secutus
915 3969 960 4049 Q.
971 3968 1135 4045 Calaber:
1151 3988 1227 4031 cum

131 4087 221 4131 unns
245 4065 407 4152 idemque
432 4067 538 4148 inerit,
570 4072 612 4135 do
640 4092 707 4156 quo
728 4073 829 4136 velim
856 4070 973 4135 sidens
997 4086 1075 4148 qnae
1100 4069 1229 4131 uetnvit
