<?xml version="1.0" encoding="UTF-8"?>
<!DOCTYPE html PUBLIC "-//W3C//DTD XHTML 1.0 Transitional//EN"
    "http://www.w3.org/TR/xhtml1/DTD/xhtml1-transitional.dtd">
<html xmlns="http://www.w3.org/1999/xhtml" xml:lang="en" lang="en">
 <head>
  <title>
</title>
<meta http-equiv="Content-Type" content="text/html;charset=utf-8" />
  <meta name='ocr-system' content='tesseract 3.04.00' />
  <meta name='ocr-capabilities' content='ocr_page ocr_carea ocr_par ocr_line ocrx_word'/>
</head>
<body>
  <div class='ocr_page' id='page_1' title='image "./debellotrojano01josegoog/debellotrojano01josegoog_0035.png"; bbox 0 0 3010 4978; ppageno 0'>
   <div class='ocr_carea' id='block_1_1' title="bbox 409 374 1241 437">
    <p class='ocr_par' dir='ltr' id='par_1_1' title="bbox 409 374 1241 437">
     <span class='ocr_line' id='line_1_1' title="bbox 409 374 1241 437; baseline 0.002 -2"><span class='ocrx_word' id='word_1_1' title='bbox 409 389 455 435; x_wconf 90' lang='lat' dir='ltr'>ns</span> <span class='ocrx_word' id='word_1_2' title='bbox 478 387 659 436; x_wconf 77' lang='lat' dir='ltr'>ursroars</span> <span class='ocrx_word' id='word_1_3' title='bbox 684 384 795 433; x_wconf 82' lang='lat' dir='ltr'>ssnur</span> <span class='ocrx_word' id='word_1_4' title='bbox 820 386 998 436; x_wconf 75' lang='lat' dir='ltr'>rueram.</span> <span class='ocrx_word' id='word_1_5' title='bbox 1199 374 1241 437; x_wconf 80' lang='lat'>27</span> 
     </span>
    </p>
   </div>
   <div class='ocr_carea' id='block_1_2' title="bbox 105 524 1324 4208">
    <p class='ocr_par' dir='ltr' id='par_1_2' title="bbox 148 524 1243 809">
     <span class='ocr_line' id='line_1_2' title="bbox 148 524 1242 607; baseline -0.004 -16"><span class='ocrx_word' id='word_1_6' title='bbox 148 545 239 603; x_wconf 87' lang='lat' dir='ltr'>sum,</span> <span class='ocrx_word' id='word_1_7' title='bbox 255 524 387 607; x_wconf 86' lang='lat' dir='ltr'>quando</span> <span class='ocrx_word' id='word_1_8' title='bbox 398 544 480 589; x_wconf 88' lang='lat' dir='ltr'>suos</span> <span class='ocrx_word' id='word_1_9' title='bbox 496 524 716 588; x_wconf 74' lang='lat' dir='ltr'><strong>characteres</strong></span> <span class='ocrx_word' id='word_1_10' title='bbox 732 543 752 587; x_wconf 91' lang='lat' dir='ltr'>e</span> <span class='ocrx_word' id='word_1_11' title='bbox 769 524 892 605; x_wconf 83' lang='lat' dir='ltr'>Dictys</span> <span class='ocrx_word' id='word_1_12' title='bbox 907 542 944 587; x_wconf 90' lang='lat' dir='ltr'>se</span> <span class='ocrx_word' id='word_1_13' title='bbox 959 524 1121 587; x_wconf 79' lang='lat' dir='ltr'>sumsisse</span> <span class='ocrx_word' id='word_1_14' title='bbox 1135 524 1242 588; x_wconf 68' lang='lat' dir='ltr'>dicit!</span> 
     </span>
     <span class='ocr_line' id='line_1_3' title="bbox 150 621 1243 707; baseline 0 -19"><span class='ocrx_word' id='word_1_15' title='bbox 150 622 202 690; x_wconf 81' lang='lat' dir='ltr'>At</span> <span class='ocrx_word' id='word_1_16' title='bbox 215 643 293 688; x_wconf 80' lang='lat' dir='ltr'>vero</span> <span class='ocrx_word' id='word_1_17' title='bbox 308 643 371 687; x_wconf 92' lang='lat' dir='ltr'>nou</span> <span class='ocrx_word' id='word_1_18' title='bbox 386 626 444 688; x_wconf 89' lang='lat' dir='ltr'>ille</span> <span class='ocrx_word' id='word_1_19' title='bbox 459 632 601 701; x_wconf 89' lang='lat' dir='ltr'>tantum,</span> <span class='ocrx_word' id='word_1_20' title='bbox 615 621 673 686; x_wconf 89' lang='lat' dir='ltr'>sed</span> <span class='ocrx_word' id='word_1_21' title='bbox 689 629 721 687; x_wconf 87' lang='lat' dir='ltr'>et</span> <span class='ocrx_word' id='word_1_22' title='bbox 745 622 888 687; x_wconf 84' lang='lat' dir='ltr'>Mulelas</span> <span class='ocrx_word' id='word_1_23' title='bbox 911 642 956 688; x_wconf 84' lang='lat' dir='ltr'>ex</span> <span class='ocrx_word' id='word_1_24' title='bbox 983 625 1105 707; x_wconf 83' lang='lat' dir='ltr'>Dictys</span> <span class='ocrx_word' id='word_1_25' title='bbox 1127 642 1165 686; x_wconf 90' lang='lat' dir='ltr'>se</span> <span class='ocrx_word' id='word_1_26' title='bbox 1185 643 1243 688; x_wconf 87' lang='lat' dir='ltr'>eos</span> 
     </span>
     <span class='ocr_line' id='line_1_4' title="bbox 149 724 532 809; baseline -0.01 -19"><span class='ocrx_word' id='word_1_27' title='bbox 149 726 326 809; x_wconf 87' lang='lat' dir='ltr'>repetiisse</span> <span class='ocrx_word' id='word_1_28' title='bbox 338 724 445 788; x_wconf 78' lang='lat' dir='ltr'><strong>tradit</strong></span> <span class='ocrx_word' id='word_1_29' title='bbox 457 724 532 786; x_wconf 79' lang='lat'>134.</span> 
     </span>
    </p>

    <p class='ocr_par' dir='ltr' id='par_1_3' title="bbox 105 820 1242 3002">
     <span class='ocr_line' id='line_1_5' title="bbox 193 820 1238 905; baseline -0.002 -17"><span class='ocrx_word' id='word_1_30' title='bbox 193 841 234 888; x_wconf 85' lang='lat' dir='ltr'>x.</span> <span class='ocrx_word' id='word_1_31' title='bbox 257 825 382 905; x_wconf 88' lang='lat' dir='ltr'>Neque</span> <span class='ocrx_word' id='word_1_32' title='bbox 396 823 512 885; x_wconf 89' lang='lat' dir='ltr'>mirum</span> <span class='ocrx_word' id='word_1_33' title='bbox 529 820 629 896; x_wconf 86' lang='lat' dir='ltr'>adeo,</span> <span class='ocrx_word' id='word_1_34' title='bbox 650 821 684 884; x_wconf 91' lang='lat' dir='ltr'>in</span> <span class='ocrx_word' id='word_1_35' title='bbox 703 820 830 886; x_wconf 90' lang='lat' dir='ltr'>Nostro</span> <span class='ocrx_word' id='word_1_36' title='bbox 844 840 911 884; x_wconf 90' lang='lat' dir='ltr'>nou</span> <span class='ocrx_word' id='word_1_37' title='bbox 925 822 1061 905; x_wconf 89' lang='lat' dir='ltr'>reperiri</span> <span class='ocrx_word' id='word_1_38' title='bbox 1076 840 1147 898; x_wconf 88' lang='lat' dir='ltr'>eos,</span> <span class='ocrx_word' id='word_1_39' title='bbox 1163 842 1238 886; x_wconf 91' lang='lat' dir='ltr'>cum</span> 
     </span>
     <span class='ocr_line' id='line_1_6' title="bbox 149 910 1242 1006; baseline -0.003 -19"><span class='ocrx_word' id='word_1_40' title='bbox 149 923 339 1006; x_wconf 81' lang='lat' dir='ltr'>Septimius</span> <span class='ocrx_word' id='word_1_41' title='bbox 354 922 477 985; x_wconf 88' lang='lat' dir='ltr'>diserte</span> <span class='ocrx_word' id='word_1_42' title='bbox 492 927 630 984; x_wconf 83' lang='lat' dir='ltr'>testetur</span> <span class='ocrx_word' id='word_1_43' title='bbox 643 939 680 983; x_wconf 89' lang='lat' dir='ltr'>se</span> <span class='ocrx_word' id='word_1_44' title='bbox 703 919 828 1002; x_wconf 84' lang='lat' dir='ltr'>Dictyn</span> <span class='ocrx_word' id='word_1_45' title='bbox 842 910 998 983; x_wconf 73' lang='lat' dir='ltr'>Greecum</span> <span class='ocrx_word' id='word_1_46' title='bbox 1021 920 1242 997; x_wconf 76' lang='lat' dir='ltr'>contraxisse,</span> 
     </span>
     <span class='ocr_line' id='line_1_7' title="bbox 105 1019 1242 1110; baseline -0.005 -22"><span class='ocrx_word' id='word_1_47' title='bbox 105 1064 114 1079; x_wconf 89' lang='lat'><strong>·</strong></span> <span class='ocrx_word' id='word_1_48' title='bbox 149 1029 186 1088; x_wconf 86' lang='lat' dir='ltr'>et</span> <span class='ocrx_word' id='word_1_49' title='bbox 200 1024 273 1107; x_wconf 88' lang='lat' dir='ltr'>ejus</span> <span class='ocrx_word' id='word_1_50' title='bbox 288 1023 469 1105; x_wconf 86' lang='lat' dir='ltr'>posteriora</span> <span class='ocrx_word' id='word_1_51' title='bbox 484 1030 584 1096; x_wconf 88' lang='lat' dir='ltr'>certe,</span> <span class='ocrx_word' id='word_1_52' title='bbox 594 1027 738 1102; x_wconf 86' lang='lat' dir='ltr'>quatuor</span> <span class='ocrx_word' id='word_1_53' title='bbox 757 1020 810 1082; x_wconf 90' lang='lat' dir='ltr'>vel</span> <span class='ocrx_word' id='word_1_54' title='bbox 825 1021 985 1110; x_wconf 85' lang='lat' dir='ltr'>quinque,</span> <span class='ocrx_word' id='word_1_55' title='bbox 1000 1019 1172 1084; x_wconf 83' lang='lat' dir='ltr'>volumine</span> <span class='ocrx_word' id='word_1_56' title='bbox 1186 1022 1242 1083; x_wconf 83' lang='lat' dir='ltr'>‘in</span> 
     </span>
     <span class='ocr_line' id='line_1_8' title="bbox 148 1119 1241 1202; baseline -0.001 -16"><span class='ocrx_word' id='word_1_57' title='bbox 148 1142 251 1186; x_wconf 89' lang='lat' dir='ltr'>unum</span> <span class='ocrx_word' id='word_1_58' title='bbox 279 1120 470 1202; x_wconf 65' lang='lat' dir='ltr'>redegisse!</span> <span class='ocrx_word' id='word_1_59' title='bbox 513 1119 665 1184; x_wconf 87' lang='lat' dir='ltr'>Priorum</span> <span class='ocrx_word' id='word_1_60' title='bbox 687 1120 821 1200; x_wconf 82' lang='lat' dir='ltr'>quidem</span> <span class='ocrx_word' id='word_1_61' title='bbox 844 1121 891 1185; x_wconf 87' lang='lat' dir='ltr'>ait</span> <span class='ocrx_word' id='word_1_62' title='bbox 925 1124 980 1182; x_wconf 84' lang='lat' dir='ltr'>‘se</span> <span class='ocrx_word' id='word_1_63' title='bbox 1010 1120 1148 1184; x_wconf 88' lang='lat' dir='ltr'>eundem</span> <span class='ocrx_word' id='word_1_64' title='bbox 1174 1140 1241 1185; x_wconf 89' lang='lat' dir='ltr'>ser·</span> 
     </span>
     <span class='ocr_line' id='line_1_9' title="bbox 146 1219 1241 1297; baseline 0.002 -14"><span class='ocrx_word' id='word_1_65' title='bbox 146 1219 444 1297; x_wconf 82' lang='lat' dir='ltr'>vusseuumemm,&#39;</span> <span class='ocrx_word' id='word_1_66' title='bbox 459 1220 521 1284; x_wconf 91' lang='lat' dir='ltr'>sed</span> <span class='ocrx_word' id='word_1_67' title='bbox 537 1240 610 1284; x_wconf 85' lang='lat' dir='ltr'>cunr</span> <span class='ocrx_word' id='word_1_68' title='bbox 626 1219 759 1283; x_wconf 88' lang='lat' dir='ltr'>delectu</span> <span class='ocrx_word' id='word_1_69' title='bbox 774 1220 985 1296; x_wconf 77' lang='lat' dir='ltr'>hauddubie,</span> <span class='ocrx_word' id='word_1_70' title='bbox 996 1227 1030 1284; x_wconf 91' lang='lat' dir='ltr'>et</span> <span class='ocrx_word' id='word_1_71' title='bbox 1041 1220 1141 1283; x_wconf 88' lang='lat' dir='ltr'>solita</span> <span class='ocrx_word' id='word_1_72' title='bbox 1156 1220 1241 1285; x_wconf 88' lang='lat' dir='ltr'>Ver·</span> 
     </span>
     <span class='ocr_line' id='line_1_10' title="bbox 147 1319 1241 1404; baseline 0 -19"><span class='ocrx_word' id='word_1_73' title='bbox 147 1323 279 1385; x_wconf 91' lang='lat' dir='ltr'>sionum</span> <span class='ocrx_word' id='word_1_74' title='bbox 296 1321 396 1385; x_wconf 90' lang='lat' dir='ltr'>istius</span> <span class='ocrx_word' id='word_1_75' title='bbox 420 1322 582 1403; x_wconf 85' lang='lat' dir='ltr'>temporis</span> <span class='ocrx_word' id='word_1_76' title='bbox 598 1321 762 1395; x_wconf 87' lang='lat' dir='ltr'>libertate,</span> <span class='ocrx_word' id='word_1_77' title='bbox 777 1329 815 1385; x_wconf 94' lang='lat' dir='ltr'>ut</span> <span class='ocrx_word' id='word_1_78' title='bbox 837 1321 889 1384; x_wconf 84' lang='lat' dir='ltr'>vel</span> <span class='ocrx_word' id='word_1_79' title='bbox 904 1339 948 1384; x_wconf 83' lang='lat' dir='ltr'>ex</span> <span class='ocrx_word' id='word_1_80' title='bbox 963 1319 1091 1383; x_wconf 87' lang='lat' dir='ltr'>Rufino</span> <span class='ocrx_word' id='word_1_81' title='bbox 1101 1320 1124 1384; x_wconf 83' lang='lat' dir='ltr'>J</span> <span class='ocrx_word' id='word_1_82' title='bbox 1127 1321 1241 1404; x_wconf 85' lang='lat' dir='ltr'>osepbi</span> 
     </span>
     <span class='ocr_line' id='line_1_11' title="bbox 147 1421 1241 1504; baseline 0.001 -20"><span class='ocrx_word' id='word_1_83' title='bbox 147 1422 323 1504; x_wconf 80' lang='lat' dir='ltr'>interprete</span> <span class='ocrx_word' id='word_1_84' title='bbox 337 1428 481 1497; x_wconf 87' lang='lat' dir='ltr'>constat,</span> <span class='ocrx_word' id='word_1_85' title='bbox 496 1429 598 1503; x_wconf 87' lang='lat' dir='ltr'>utque</span> <span class='ocrx_word' id='word_1_86' title='bbox 613 1421 699 1485; x_wconf 88' lang='lat' dir='ltr'>edeo</span> <span class='ocrx_word' id='word_1_87' title='bbox 714 1423 774 1498; x_wconf 90' lang='lat' dir='ltr'>ita,</span> <span class='ocrx_word' id='word_1_88' title='bbox 789 1430 827 1485; x_wconf 91' lang='lat' dir='ltr'>ut</span> <span class='ocrx_word' id='word_1_89' title='bbox 849 1421 882 1483; x_wconf 91' lang='lat' dir='ltr'>iu</span> <span class='ocrx_word' id='word_1_90' title='bbox 904 1421 946 1484; x_wconf 90' lang='lat' dir='ltr'>iis</span> <span class='ocrx_word' id='word_1_91' title='bbox 970 1421 1136 1503; x_wconf 85' lang='lat' dir='ltr'>prioribus</span> <span class='ocrx_word' id='word_1_92' title='bbox 1156 1441 1241 1502; x_wconf 91' lang='lat' dir='ltr'>quo·</span> 
     </span>
     <span class='ocr_line' id='line_1_12' title="bbox 148 1520 1241 1604; baseline 0.004 -22"><span class='ocrx_word' id='word_1_93' title='bbox 148 1539 214 1604; x_wconf 89' lang='lat' dir='ltr'>que</span> <span class='ocrx_word' id='word_1_94' title='bbox 228 1522 495 1602; x_wconf 81' lang='lat' dir='ltr'>praetermitteret</span> <span class='ocrx_word' id='word_1_95' title='bbox 515 1522 682 1603; x_wconf 72' lang='lat' dir='ltr'>quiedam,</span> <span class='ocrx_word' id='word_1_96' title='bbox 698 1523 748 1585; x_wconf 85' lang='lat' dir='ltr'>vel</span> <span class='ocrx_word' id='word_1_97' title='bbox 764 1524 886 1604; x_wconf 88' lang='lat' dir='ltr'>quibus</span> <span class='ocrx_word' id='word_1_98' title='bbox 902 1540 1019 1603; x_wconf 85' lang='lat' dir='ltr'>parum</span> <span class='ocrx_word' id='word_1_99' title='bbox 1037 1522 1111 1603; x_wconf 90' lang='lat' dir='ltr'>ipse</span> <span class='ocrx_word' id='word_1_100' title='bbox 1128 1520 1241 1586; x_wconf 87' lang='lat' dir='ltr'>delec-</span> 
     </span>
     <span class='ocr_line' id='line_1_13' title="bbox 148 1621 1241 1704; baseline 0.001 -19"><span class='ocrx_word' id='word_1_101' title='bbox 148 1621 293 1697; x_wconf 85' lang='lat' dir='ltr'>tabatur,</span> <span class='ocrx_word' id='word_1_102' title='bbox 309 1621 366 1685; x_wconf 83' lang='lat' dir='ltr'>vel</span> <span class='ocrx_word' id='word_1_103' title='bbox 385 1641 461 1704; x_wconf 81' lang='lat' dir='ltr'>quae</span> <span class='ocrx_word' id='word_1_104' title='bbox 484 1622 527 1685; x_wconf 85' lang='lat' dir='ltr'>ad</span> <span class='ocrx_word' id='word_1_105' title='bbox 550 1629 778 1703; x_wconf 78' lang='lat' dir='ltr'>argumentum</span> <span class='ocrx_word' id='word_1_106' title='bbox 800 1622 982 1686; x_wconf 82' lang='lat' dir='ltr'>ornandum</span> <span class='ocrx_word' id='word_1_107' title='bbox 1009 1628 1065 1685; x_wconf 86' lang='lat' dir='ltr'>out</span> <span class='ocrx_word' id='word_1_108' title='bbox 1078 1622 1241 1686; x_wconf 89' lang='lat' dir='ltr'>instruen-</span> 
     </span>
     <span class='ocr_line' id='line_1_14' title="bbox 147 1719 1238 1805; baseline 0.005 -23"><span class='ocrx_word' id='word_1_109' title='bbox 147 1719 225 1783; x_wconf 84' lang='lat' dir='ltr'>dum</span> <span class='ocrx_word' id='word_1_110' title='bbox 246 1721 350 1784; x_wconf 90' lang='lat' dir='ltr'>miuus</span> <span class='ocrx_word' id='word_1_111' title='bbox 375 1723 534 1787; x_wconf 85' lang='lat' dir='ltr'>censebat</span> <span class='ocrx_word' id='word_1_112' title='bbox 556 1720 774 1787; x_wconf 79' lang='lat' dir='ltr'>necessaria&#39;</span> <span class='ocrx_word' id='word_1_113' title='bbox 802 1723 836 1786; x_wconf 92' lang='lat' dir='ltr'>N</span> <span class='ocrx_word' id='word_1_114' title='bbox 838 1742 892 1786; x_wconf 88' lang='lat' dir='ltr'>am</span> <span class='ocrx_word' id='word_1_115' title='bbox 918 1720 1007 1805; x_wconf 89' lang='lat' dir='ltr'>quod</span> <span class='ocrx_word' id='word_1_116' title='bbox 1034 1719 1184 1799; x_wconf 76' lang='lat' dir='ltr'>affirmat,</span> <span class='ocrx_word' id='word_1_117' title='bbox 1199 1743 1238 1787; x_wconf 92' lang='lat' dir='ltr'>se</span> 
     </span>
     <span class='ocr_line' id='line_1_15' title="bbox 146 1820 1240 1901; baseline 0.004 -18"><span class='ocrx_word' id='word_1_118' title='bbox 146 1824 217 1897; x_wconf 84' lang='lat' dir='ltr'>‘en,</span> <span class='ocrx_word' id='word_1_119' title='bbox 233 1820 283 1884; x_wconf 90' lang='lat' dir='ltr'>uti</span> <span class='ocrx_word' id='word_1_120' title='bbox 295 1821 764 1901; x_wconf 72' lang='lat' dir='ltr'>eraut,1utinedissemisse,’</span> <span class='ocrx_word' id='word_1_121' title='bbox 779 1823 815 1886; x_wconf 91' lang='lat' dir='ltr'>id</span> <span class='ocrx_word' id='word_1_122' title='bbox 832 1842 910 1887; x_wconf 88' lang='lat' dir='ltr'>vero</span> <span class='ocrx_word' id='word_1_123' title='bbox 921 1841 994 1886; x_wconf 90' lang='lat' dir='ltr'>oum</span> <span class='ocrx_word' id='word_1_124' title='bbox 1005 1821 1037 1883; x_wconf 93' lang='lat' dir='ltr'>iu</span> <span class='ocrx_word' id='word_1_125' title='bbox 1052 1821 1240 1887; x_wconf 88' lang='lat' dir='ltr'>universum</span> 
     </span>
     <span class='ocr_line' id='line_1_16' title="bbox 145 1916 1240 2006; baseline 0.004 -22"><span class='ocrx_word' id='word_1_126' title='bbox 145 1921 190 1984; x_wconf 87' lang='lat' dir='ltr'>de</span> <span class='ocrx_word' id='word_1_127' title='bbox 213 1928 287 1985; x_wconf 91' lang='lat' dir='ltr'>toto</span> <span class='ocrx_word' id='word_1_128' title='bbox 304 1921 437 1985; x_wconf 85' lang='lat' dir='ltr'>dicatur</span> <span class='ocrx_word' id='word_1_129' title='bbox 451 1925 628 2003; x_wconf 89' lang='lat' dir='ltr'>opusculo,</span> <span class='ocrx_word' id='word_1_130' title='bbox 644 1923 741 2006; x_wconf 88' lang='lat' dir='ltr'>cujus</span> <span class='ocrx_word' id='word_1_131' title='bbox 763 1929 871 1987; x_wconf 85' lang='lat' dir='ltr'>tamen</span> <span class='ocrx_word' id='word_1_132' title='bbox 893 1921 1058 2005; x_wconf 86' lang='lat' dir='ltr'>posterior</span> <span class='ocrx_word' id='word_1_133' title='bbox 1071 1940 1149 2003; x_wconf 82' lang='lat' dir='ltr'>pers</span> <span class='ocrx_word' id='word_1_134' title='bbox 1169 1916 1240 1988; x_wconf 80' lang='lat' dir='ltr'>cer-</span> 
     </span>
     <span class='ocr_line' id='line_1_17' title="bbox 148 2020 1241 2102; baseline 0.004 -20"><span class='ocrx_word' id='word_1_135' title='bbox 148 2020 279 2083; x_wconf 81' lang='lat' dir='ltr'>tissime</span> <span class='ocrx_word' id='word_1_136' title='bbox 301 2022 518 2102; x_wconf 85' lang='lat' dir='ltr'>expluribus</span> <span class='ocrx_word' id='word_1_137' title='bbox 547 2023 775 2085; x_wconf 80' lang='lat' dir='ltr'>voluminibus</span> <span class='ocrx_word' id='word_1_138' title='bbox 796 2024 832 2085; x_wconf 92' lang='lat' dir='ltr'>iu</span> <span class='ocrx_word' id='word_1_139' title='bbox 857 2041 960 2085; x_wconf 91' lang='lat' dir='ltr'>uuum</span> <span class='ocrx_word' id='word_1_140' title='bbox 983 2027 1035 2084; x_wconf 91' lang='lat' dir='ltr'>est</span> <span class='ocrx_word' id='word_1_141' title='bbox 1058 2028 1241 2099; x_wconf 87' lang='lat' dir='ltr'>eontracta,</span> 
     </span>
     <span class='ocr_line' id='line_1_18' title="bbox 149 2117 1237 2198; baseline 0.004 -18"><span class='ocrx_word' id='word_1_142' title='bbox 149 2117 400 2198; x_wconf 78' lang='lat' dir='ltr'>intelligendum</span> <span class='ocrx_word' id='word_1_143' title='bbox 416 2137 493 2198; x_wconf 82' lang='lat' dir='ltr'>ergo</span> <span class='ocrx_word' id='word_1_144' title='bbox 513 2119 572 2195; x_wconf 86' lang='lat' dir='ltr'>itu,</span> <span class='ocrx_word' id='word_1_145' title='bbox 593 2126 632 2182; x_wconf 90' lang='lat' dir='ltr'>ut</span> <span class='ocrx_word' id='word_1_146' title='bbox 653 2137 720 2182; x_wconf 93' lang='lat' dir='ltr'>non</span> <span class='ocrx_word' id='word_1_147' title='bbox 740 2127 869 2184; x_wconf 90' lang='lat' dir='ltr'>tautum</span> <span class='ocrx_word' id='word_1_148' title='bbox 890 2120 971 2183; x_wconf 89' lang='lat' dir='ltr'>nihil</span> <span class='ocrx_word' id='word_1_149' title='bbox 993 2136 1101 2183; x_wconf 89' lang='lat' dir='ltr'>rerum</span> <span class='ocrx_word' id='word_1_150' title='bbox 1117 2117 1160 2181; x_wconf 87' lang='lat' dir='ltr'>de</span> <span class='ocrx_word' id='word_1_151' title='bbox 1174 2139 1237 2184; x_wconf 89' lang='lat' dir='ltr'>suo</span> 
     </span>
     <span class='ocr_line' id='line_1_19' title="bbox 149 2217 1241 2304; baseline 0.004 -24"><span class='ocrx_word' id='word_1_152' title='bbox 149 2218 337 2300; x_wconf 85' lang='lat' dir='ltr'>scripserit,</span> <span class='ocrx_word' id='word_1_153' title='bbox 352 2226 412 2282; x_wconf 88' lang='lat' dir='ltr'>uut</span> <span class='ocrx_word' id='word_1_154' title='bbox 427 2217 563 2282; x_wconf 77' lang='lat' dir='ltr'>aliunde</span> <span class='ocrx_word' id='word_1_155' title='bbox 585 2218 755 2302; x_wconf 87' lang='lat' dir='ltr'>adjecerit,</span> <span class='ocrx_word' id='word_1_156' title='bbox 778 2220 835 2283; x_wconf 85' lang='lat' dir='ltr'>sed</span> <span class='ocrx_word' id='word_1_157' title='bbox 860 2239 967 2304; x_wconf 87' lang='lat' dir='ltr'>neque</span> <span class='ocrx_word' id='word_1_158' title='bbox 985 2219 1163 2303; x_wconf 85' lang='lat' dir='ltr'>quicquam</span> <span class='ocrx_word' id='word_1_159' title='bbox 1178 2221 1241 2284; x_wconf 91' lang='lat' dir='ltr'>im·</span> 
     </span>
     <span class='ocr_line' id='line_1_20' title="bbox 144 2318 1239 2405; baseline 0.006 -25"><span class='ocrx_word' id='word_1_160' title='bbox 144 2318 325 2382; x_wconf 74' lang='lat' dir='ltr'>mutaverit</span> <span class='ocrx_word' id='word_1_161' title='bbox 339 2319 450 2389; x_wconf 86' lang='lat' dir='ltr'>exiis,</span> <span class='ocrx_word' id='word_1_162' title='bbox 465 2338 539 2401; x_wconf 78' lang='lat' dir='ltr'>quae</span> <span class='ocrx_word' id='word_1_163' title='bbox 557 2318 699 2384; x_wconf 83' lang='lat' dir='ltr'>Graecus</span> <span class='ocrx_word' id='word_1_164' title='bbox 714 2320 773 2384; x_wconf 89' lang='lat' dir='ltr'>ille</span> <span class='ocrx_word' id='word_1_165' title='bbox 796 2321 916 2405; x_wconf 81' lang='lat' dir='ltr'>Dictys</span> <span class='ocrx_word' id='word_1_166' title='bbox 938 2321 1106 2384; x_wconf 83' lang='lat' dir='ltr'>memoriae</span> <span class='ocrx_word' id='word_1_167' title='bbox 1128 2320 1239 2403; x_wconf 83' lang='lat' dir='ltr'>prodi·</span> 
     </span>
     <span class='ocr_line' id='line_1_21' title="bbox 144 2416 1237 2498; baseline 0.004 -16"><span class='ocrx_word' id='word_1_168' title='bbox 144 2417 253 2483; x_wconf 82' lang='lat' dir='ltr'>deret.</span> <span class='ocrx_word' id='word_1_169' title='bbox 297 2416 393 2483; x_wconf 86' lang='lat' dir='ltr'>Certe</span> <span class='ocrx_word' id='word_1_170' title='bbox 407 2421 493 2483; x_wconf 88' lang='lat' dir='ltr'>enim</span> <span class='ocrx_word' id='word_1_171' title='bbox 507 2420 661 2485; x_wconf 89' lang='lat' dir='ltr'>omisisse</span> <span class='ocrx_word' id='word_1_172' title='bbox 681 2440 757 2485; x_wconf 90' lang='lat' dir='ltr'>eum</span> <span class='ocrx_word' id='word_1_173' title='bbox 773 2422 941 2498; x_wconf 86' lang='lat' dir='ltr'>nonnulla,</span> <span class='ocrx_word' id='word_1_174' title='bbox 957 2427 1015 2485; x_wconf 84' lang='lat' dir='ltr'>aut</span> <span class='ocrx_word' id='word_1_175' title='bbox 1030 2421 1165 2485; x_wconf 87' lang='lat' dir='ltr'>brevius</span> <span class='ocrx_word' id='word_1_176' title='bbox 1179 2440 1237 2486; x_wconf 84' lang='lat' dir='ltr'>ex·</span> 
     </span>
     <span class='ocr_line' id='line_1_22' title="bbox 144 2519 1236 2604; baseline 0.006 -23"><span class='ocrx_word' id='word_1_177' title='bbox 144 2519 315 2601; x_wconf 88' lang='lat' dir='ltr'>posuisse,</span> <span class='ocrx_word' id='word_1_178' title='bbox 336 2520 437 2583; x_wconf 87' lang='lat' dir='ltr'>etiam</span> <span class='ocrx_word' id='word_1_179' title='bbox 459 2520 493 2583; x_wconf 92' lang='lat' dir='ltr'>iu</span> <span class='ocrx_word' id='word_1_180' title='bbox 510 2522 689 2602; x_wconf 85' lang='lat' dir='ltr'>prioribus,</span> <span class='ocrx_word' id='word_1_181' title='bbox 704 2522 911 2587; x_wconf 84' lang='lat' dir='ltr'>manifestum</span> <span class='ocrx_word' id='word_1_182' title='bbox 928 2540 973 2585; x_wconf 84' lang='lat' dir='ltr'>ex</span> <span class='ocrx_word' id='word_1_183' title='bbox 992 2540 1044 2597; x_wconf 90' lang='lat' dir='ltr'>eo,</span> <span class='ocrx_word' id='word_1_184' title='bbox 1058 2521 1148 2604; x_wconf 87' lang='lat' dir='ltr'>quod</span> <span class='ocrx_word' id='word_1_185' title='bbox 1165 2523 1236 2603; x_wconf 90' lang='lat' dir='ltr'>ple-</span> 
     </span>
     <span class='ocr_line' id='line_1_23' title="bbox 143 2618 1237 2702; baseline 0.005 -21"><span class='ocrx_word' id='word_1_186' title='bbox 143 2636 249 2700; x_wconf 79' lang='lat' dir='ltr'>raque</span> <span class='ocrx_word' id='word_1_187' title='bbox 268 2618 510 2701; x_wconf 72' lang='lat' dir='ltr'>cadempleno,</span> <span class='ocrx_word' id='word_1_188' title='bbox 526 2620 586 2685; x_wconf 85' lang='lat' dir='ltr'>sed</span> <span class='ocrx_word' id='word_1_189' title='bbox 608 2622 769 2687; x_wconf 86' lang='lat' dir='ltr'>nouuulle</span> <span class='ocrx_word' id='word_1_190' title='bbox 791 2623 973 2699; x_wconf 88' lang='lat' dir='ltr'>concisius,</span> <span class='ocrx_word' id='word_1_191' title='bbox 992 2622 1166 2702; x_wconf 75' lang='lat' dir='ltr'>complura</span> <span class='ocrx_word' id='word_1_192' title='bbox 1187 2629 1237 2686; x_wconf 85' lang='lat' dir='ltr'>ta·</span> 
     </span>
     <span class='ocr_line' id='line_1_24' title="bbox 143 2717 1237 2805; baseline 0.002 -22"><span class='ocrx_word' id='word_1_193' title='bbox 143 2737 220 2783; x_wconf 89' lang='lat' dir='ltr'>uren</span> <span class='ocrx_word' id='word_1_194' title='bbox 241 2717 339 2799; x_wconf 80' lang='lat' dir='ltr'>louge</span> <span class='ocrx_word' id='word_1_195' title='bbox 360 2719 508 2795; x_wconf 86' lang='lat' dir='ltr'>uberius,</span> <span class='ocrx_word' id='word_1_196' title='bbox 521 2720 693 2799; x_wconf 85' lang='lat' dir='ltr'>edisseret,</span> <span class='ocrx_word' id='word_1_197' title='bbox 707 2742 807 2805; x_wconf 86' lang='lat' dir='ltr'>qnam</span> <span class='ocrx_word' id='word_1_198' title='bbox 832 2723 989 2796; x_wconf 80' lang='lat' dir='ltr'>Malelus,</span> <span class='ocrx_word' id='word_1_199' title='bbox 1016 2722 1074 2803; x_wconf 89' lang='lat' dir='ltr'>qui</span> <span class='ocrx_word' id='word_1_200' title='bbox 1090 2721 1237 2785; x_wconf 83' lang='lat' dir='ltr'>vicissim</span> 
     </span>
     <span class='ocr_line' id='line_1_25' title="bbox 142 2818 1237 2904; baseline 0.004 -22"><span class='ocrx_word' id='word_1_201' title='bbox 142 2818 320 2902; x_wconf 87' lang='lat' dir='ltr'>plerusque</span> <span class='ocrx_word' id='word_1_202' title='bbox 335 2821 503 2883; x_wconf 81' lang='lat' dir='ltr'>orationes</span> <span class='ocrx_word' id='word_1_203' title='bbox 516 2820 659 2903; x_wconf 86' lang='lat' dir='ltr'>Dietyos</span> <span class='ocrx_word' id='word_1_204' title='bbox 670 2822 895 2904; x_wconf 75' lang='lat' dir='ltr'>praetermisit,</span> <span class='ocrx_word' id='word_1_205' title='bbox 909 2827 945 2885; x_wconf 87' lang='lat' dir='ltr'>ut</span> <span class='ocrx_word' id='word_1_206' title='bbox 959 2821 1091 2884; x_wconf 88' lang='lat' dir='ltr'>alienos</span> <span class='ocrx_word' id='word_1_207' title='bbox 1104 2820 1237 2886; x_wconf 81' lang='lat' dir='ltr'>achro-</span> 
     </span>
     <span class='ocr_line' id='line_1_26' title="bbox 142 2919 345 3002; baseline 0.005 -19"><span class='ocrx_word' id='word_1_208' title='bbox 142 2919 345 3002; x_wconf 74' lang='lat' dir='ltr'>ungrapbia.</span> 
     </span>
    </p>

    <p class='ocr_par' dir='ltr' id='par_1_4' title="bbox 137 3018 1324 4208">
     <span class='ocr_line' id='line_1_27' title="bbox 189 3018 1237 3106; baseline 0.003 -24"><span class='ocrx_word' id='word_1_209' title='bbox 189 3033 245 3082; x_wconf 79' lang='lat' dir='ltr'>xi.</span> <span class='ocrx_word' id='word_1_210' title='bbox 268 3019 368 3083; x_wconf 87' lang='lat' dir='ltr'>Prius</span> <span class='ocrx_word' id='word_1_211' title='bbox 389 3020 485 3097; x_wconf 87' lang='lat' dir='ltr'>illud,</span> <span class='ocrx_word' id='word_1_212' title='bbox 499 3026 537 3085; x_wconf 87' lang='lat' dir='ltr'>ut</span> <span class='ocrx_word' id='word_1_213' title='bbox 556 3023 829 3106; x_wconf 84' lang='lat' dir='ltr'>pateat,liquido</span> <span class='ocrx_word' id='word_1_214' title='bbox 853 3021 1058 3088; x_wconf 80' lang='lat' dir='ltr'>declaratum</span> <span class='ocrx_word' id='word_1_215' title='bbox 1081 3018 1170 3083; x_wconf 83' lang='lat' dir='ltr'>dubo</span> <span class='ocrx_word' id='word_1_216' title='bbox 1193 3038 1237 3101; x_wconf 86' lang='lat' dir='ltr'>ox</span> 
     </span>
     <span class='ocr_line' id='line_1_28' title="bbox 142 3120 1238 3206; baseline 0.001 -22"><span class='ocrx_word' id='word_1_217' title='bbox 142 3139 213 3184; x_wconf 90' lang='lat' dir='ltr'>uno</span> <span class='ocrx_word' id='word_1_218' title='bbox 227 3120 373 3203; x_wconf 85' lang='lat' dir='ltr'>Dictyos</span> <span class='ocrx_word' id='word_1_219' title='bbox 387 3122 477 3197; x_wconf 89' lang='lat' dir='ltr'>loco,</span> <span class='ocrx_word' id='word_1_220' title='bbox 490 3129 525 3186; x_wconf 89' lang='lat' dir='ltr'>et</span> <span class='ocrx_word' id='word_1_221' title='bbox 538 3123 586 3187; x_wconf 89' lang='lat' dir='ltr'>ita</span> <span class='ocrx_word' id='word_1_222' title='bbox 599 3123 699 3186; x_wconf 89' lang='lat' dir='ltr'>simul</span> <span class='ocrx_word' id='word_1_223' title='bbox 718 3124 902 3187; x_wconf 80' lang='lat' dir='ltr'>Historiam</span> <span class='ocrx_word' id='word_1_224' title='bbox 917 3123 991 3206; x_wconf 89' lang='lat' dir='ltr'>ejus</span> <span class='ocrx_word' id='word_1_225' title='bbox 1011 3121 1090 3196; x_wconf 89' lang='lat' dir='ltr'>loci,</span> <span class='ocrx_word' id='word_1_226' title='bbox 1105 3121 1238 3185; x_wconf 88' lang='lat' dir='ltr'>concise</span> 
     </span>
     <span class='ocr_line' id='line_1_29' title="bbox 141 3219 1236 3307; baseline 0.002 -22"><span class='ocrx_word' id='word_1_227' title='bbox 141 3220 270 3285; x_wconf 79' lang='lat' dir='ltr'>ntideo</span> <span class='ocrx_word' id='word_1_228' title='bbox 284 3222 440 3306; x_wconf 72' lang='lat' dir='ltr'>ambigue</span> <span class='ocrx_word' id='word_1_229' title='bbox 464 3223 562 3287; x_wconf 87' lang='lat' dir='ltr'>nimis</span> <span class='ocrx_word' id='word_1_230' title='bbox 576 3224 742 3301; x_wconf 74' lang='lat' dir='ltr'>nuditum,</span> <span class='ocrx_word' id='word_1_231' title='bbox 758 3224 940 3289; x_wconf 80' lang='lat' dir='ltr'>illustrabo.</span> <span class='ocrx_word' id='word_1_232' title='bbox 983 3221 1102 3287; x_wconf 81' lang='lat' dir='ltr'>Refert</span> <span class='ocrx_word' id='word_1_233' title='bbox 1118 3219 1236 3307; x_wconf 82' lang='lat' dir='ltr'>Dictys</span> 
     </span>
     <span class='ocr_line' id='line_1_30' title="bbox 142 3318 1235 3407; baseline 0.005 -24"><span class='ocrx_word' id='word_1_234' title='bbox 142 3318 239 3384; x_wconf 87' lang='lat' dir='ltr'>libr.</span> <span class='ocrx_word' id='word_1_235' title='bbox 262 3339 339 3403; x_wconf 87' lang='lat' dir='ltr'>cap.</span> <span class='ocrx_word' id='word_1_236' title='bbox 353 3322 387 3386; x_wconf 80' lang='grc'>3.</span> <span class='ocrx_word' id='word_1_237' title='bbox 432 3322 545 3398; x_wconf 79' lang='lat' dir='ltr'>Parin,</span> <span class='ocrx_word' id='word_1_238' title='bbox 568 3343 642 3388; x_wconf 88' lang='lat' dir='ltr'>cum</span> <span class='ocrx_word' id='word_1_239' title='bbox 667 3324 802 3389; x_wconf 89' lang='lat' dir='ltr'>Helena</span> <span class='ocrx_word' id='word_1_240' title='bbox 817 3324 1006 3407; x_wconf 76' lang='lat' dir='ltr'>fugientem,</span> <span class='ocrx_word' id='word_1_241' title='bbox 1029 3321 1235 3388; x_wconf 86' lang='lat' dir='ltr'>‘abstulisse</span> 
     </span>
     <span class='ocr_line' id='line_1_31' title="bbox 145 3419 1237 3508; baseline 0.005 -26"><span class='ocrx_word' id='word_1_242' title='bbox 145 3419 244 3483; x_wconf 81' lang='lat' dir='ltr'>etium</span> <span class='ocrx_word' id='word_1_243' title='bbox 268 3421 420 3485; x_wconf 86' lang='lat' dir='ltr'>AEtbram</span> <span class='ocrx_word' id='word_1_244' title='bbox 449 3428 486 3487; x_wconf 89' lang='lat' dir='ltr'>et</span> <span class='ocrx_word' id='word_1_245' title='bbox 513 3423 717 3507; x_wconf 81' lang='lat' dir='ltr'>Clymeuam,</span> <span class='ocrx_word' id='word_1_246' title='bbox 738 3424 885 3490; x_wconf 83' lang='lat' dir='ltr'>Menelai</span> <span class='ocrx_word' id='word_1_247' title='bbox 908 3421 1048 3499; x_wconf 86' lang='lat' dir='ltr'>affines,’</span> <span class='ocrx_word' id='word_1_248' title='bbox 1068 3422 1149 3508; x_wconf 89' lang='lat' dir='ltr'>(boc</span> <span class='ocrx_word' id='word_1_249' title='bbox 1171 3429 1237 3501; x_wconf 85' lang='lat' dir='ltr'>est,</span> 
     </span>
     <span class='ocr_line' id='line_1_32' title="bbox 144 3520 1236 3607; baseline 0.004 -23"><span class='ocrx_word' id='word_1_250' title='bbox 144 3524 315 3599; x_wconf 65' lang='lat' dir='ltr'>comtes,</span> <span class='ocrx_word' id='word_1_251' title='bbox 329 3520 512 3606; x_wconf 72' lang='grc' dir='ltr'>σνγγινίδος,</span> <span class='ocrx_word' id='word_1_252' title='bbox 523 3531 561 3586; x_wconf 92' lang='lat' dir='ltr'>ut</span> <span class='ocrx_word' id='word_1_253' title='bbox 578 3523 627 3587; x_wconf 89' lang='lat' dir='ltr'>ait</span> <span class='ocrx_word' id='word_1_254' title='bbox 645 3524 814 3602; x_wconf 83' lang='lat' dir='ltr'>Muleles,)</span> <span class='ocrx_word' id='word_1_255' title='bbox 838 3527 938 3607; x_wconf 76' lang='lat' dir='ltr'>‘quoe</span> <span class='ocrx_word' id='word_1_256' title='bbox 958 3524 1003 3586; x_wconf 92' lang='lat' dir='ltr'>ob</span> <span class='ocrx_word' id='word_1_257' title='bbox 1016 3522 1236 3588; x_wconf 83' lang='lat' dir='ltr'>uecessitudi-</span> 
     </span>
     <span class='ocr_line' id='line_1_33' title="bbox 143 3620 1324 3707; baseline 0.008 -27"><span class='ocrx_word' id='word_1_258' title='bbox 143 3634 227 3681; x_wconf 85' lang='lat' dir='ltr'>nem</span> <span class='ocrx_word' id='word_1_259' title='bbox 247 3635 320 3684; x_wconf 87' lang='lat' dir='ltr'>cnm</span> <span class='ocrx_word' id='word_1_260' title='bbox 334 3622 469 3688; x_wconf 82' lang='lat' dir='ltr'>Heleno</span> <span class='ocrx_word' id='word_1_261' title='bbox 491 3622 652 3705; x_wconf 62' lang='lat' dir='ltr'>egebunt?</span> <span class='ocrx_word' id='word_1_262' title='bbox 695 3623 782 3689; x_wconf 88' lang='lat' dir='ltr'>Dein</span> <span class='ocrx_word' id='word_1_263' title='bbox 811 3643 888 3707; x_wconf 89' lang='lat' dir='ltr'>cap.</span> <span class='ocrx_word' id='word_1_264' title='bbox 903 3626 935 3688; x_wconf 77' lang='lat'>4.</span> <span class='ocrx_word' id='word_1_265' title='bbox 957 3620 1066 3700; x_wconf 86' lang='lat' dir='ltr'>‘Quis</span> <span class='ocrx_word' id='word_1_266' title='bbox 1090 3624 1234 3704; x_wconf 75' lang='lat' dir='ltr'>cognitis</span> <span class='ocrx_word' id='word_1_267' title='bbox 1320 3692 1324 3699; x_wconf 75' lang='grc'>,</span> 
     </span>
     <span class='ocr_line' id='line_1_34' title="bbox 143 3714 1234 3808; baseline 0.005 -26"><span class='ocrx_word' id='word_1_268' title='bbox 143 3714 339 3797; x_wconf 79' lang='lat' dir='ltr'>Menelaos,</span> <span class='ocrx_word' id='word_1_269' title='bbox 364 3724 428 3787; x_wconf 83' lang='lat' dir='ltr'>etsi</span> <span class='ocrx_word' id='word_1_270' title='bbox 456 3724 636 3789; x_wconf 79' lang='lat' dir='ltr'>obstructio</span> <span class='ocrx_word' id='word_1_271' title='bbox 668 3724 820 3808; x_wconf 79' lang='lat' dir='ltr'>conjugis</span> <span class='ocrx_word' id='word_1_272' title='bbox 848 3726 994 3789; x_wconf 84' lang='lat' dir='ltr'>unimam</span> <span class='ocrx_word' id='word_1_273' title='bbox 1017 3728 1234 3806; x_wconf 82' lang='lat' dir='ltr'>permoveret,</span> 
     </span>
     <span class='ocr_line' id='line_1_35' title="bbox 139 3817 1233 3908; baseline 0.002 -25"><span class='ocrx_word' id='word_1_274' title='bbox 139 3817 249 3883; x_wconf 86' lang='lat' dir='ltr'>multo</span> <span class='ocrx_word' id='word_1_275' title='bbox 261 3820 404 3899; x_wconf 86' lang='lat' dir='ltr'>amplius</span> <span class='ocrx_word' id='word_1_276' title='bbox 418 3828 530 3888; x_wconf 86' lang='lat' dir='ltr'>tamen</span> <span class='ocrx_word' id='word_1_277' title='bbox 548 3825 593 3888; x_wconf 93' lang='lat' dir='ltr'>ob</span> <span class='ocrx_word' id='word_1_278' title='bbox 606 3824 758 3908; x_wconf 86' lang='lat' dir='ltr'>iujuriam</span> <span class='ocrx_word' id='word_1_279' title='bbox 775 3824 932 3900; x_wconf 84' lang='lat' dir='ltr'>affinium,</span> <span class='ocrx_word' id='word_1_280' title='bbox 947 3840 1033 3905; x_wconf 86' lang='lat' dir='ltr'>quas</span> <span class='ocrx_word' id='word_1_281' title='bbox 1047 3841 1148 3905; x_wconf 87' lang='lat' dir='ltr'>supra</span> <span class='ocrx_word' id='word_1_282' title='bbox 1162 3842 1233 3885; x_wconf 88' lang='lat' dir='ltr'>me·</span> 
     </span>
     <span class='ocr_line' id='line_1_36' title="bbox 139 3916 1234 4006; baseline 0.005 -24"><span class='ocrx_word' id='word_1_283' title='bbox 139 3916 366 3996; x_wconf 78' lang='lat' dir='ltr'>messuimus,</span> <span class='ocrx_word' id='word_1_284' title='bbox 394 3924 682 3990; x_wconf 70' lang='lat' dir='ltr'>muteresheim:</span> <span class='ocrx_word' id='word_1_285' title='bbox 724 3925 808 3990; x_wconf 85' lang='lat' dir='ltr'>Cum</span> <span class='ocrx_word' id='word_1_286' title='bbox 837 3926 871 3990; x_wconf 92' lang='lat' dir='ltr'>in</span> <span class='ocrx_word' id='word_1_287' title='bbox 896 3924 1124 4006; x_wconf 84' lang='lat' dir='ltr'>superioribus</span> <span class='ocrx_word' id='word_1_288' title='bbox 1152 3923 1234 3987; x_wconf 89' lang='lat' dir='ltr'>nibil</span> 
     </span>
     <span class='ocr_line' id='line_1_37' title="bbox 138 4016 1233 4110; baseline 0.002 -27"><span class='ocrx_word' id='word_1_289' title='bbox 138 4016 292 4084; x_wconf 82' lang='lat' dir='ltr'>dehisce</span> <span class='ocrx_word' id='word_1_290' title='bbox 307 4018 500 4086; x_wconf 85' lang='lat' dir='ltr'>‘affinibus’</span> <span class='ocrx_word' id='word_1_291' title='bbox 516 4032 683 4107; x_wconf 73' lang='lat' dir='ltr'>occurret,</span> <span class='ocrx_word' id='word_1_292' title='bbox 696 4026 759 4091; x_wconf 89' lang='lat' dir='ltr'>nisi</span> <span class='ocrx_word' id='word_1_293' title='bbox 769 4025 858 4110; x_wconf 83' lang='lat' dir='ltr'>quod</span> <span class='ocrx_word' id='word_1_294' title='bbox 870 4044 945 4089; x_wconf 91' lang='lat' dir='ltr'>cum</span> <span class='ocrx_word' id='word_1_295' title='bbox 959 4022 1093 4087; x_wconf 87' lang='lat' dir='ltr'>Helena</span> <span class='ocrx_word' id='word_1_296' title='bbox 1106 4023 1233 4086; x_wconf 81' lang='lat' dir='ltr'>ablatus</span> 
     </span>
     <span class='ocr_line' id='line_1_38' title="bbox 137 4121 1232 4208; baseline -0.003 -24"><span class='ocrx_word' id='word_1_297' title='bbox 137 4138 279 4204; x_wconf 89' lang='lat' dir='ltr'>quoque</span> <span class='ocrx_word' id='word_1_298' title='bbox 293 4121 370 4201; x_wconf 87' lang='lat' dir='ltr'>siut,</span> <span class='ocrx_word' id='word_1_299' title='bbox 386 4142 529 4208; x_wconf 85' lang='lat' dir='ltr'>eumque</span> <span class='ocrx_word' id='word_1_300' title='bbox 543 4127 632 4192; x_wconf 91' lang='lat' dir='ltr'>nullo</span> <span class='ocrx_word' id='word_1_301' title='bbox 653 4126 722 4192; x_wconf 88' lang='lat' dir='ltr'>illae</span> <span class='ocrx_word' id='word_1_302' title='bbox 745 4125 869 4192; x_wconf 86' lang='lat' dir='ltr'>umoris</span> <span class='ocrx_word' id='word_1_303' title='bbox 884 4123 995 4188; x_wconf 87' lang='lat' dir='ltr'>studio</span> <span class='ocrx_word' id='word_1_304' title='bbox 1016 4130 1077 4186; x_wconf 91' lang='lat' dir='ltr'>aut</span> <span class='ocrx_word' id='word_1_305' title='bbox 1098 4121 1232 4203; x_wconf 88' lang='lat' dir='ltr'>impetu,</span> 
     </span>
    </p>
   </div>
   <div class='ocr_carea' id='block_1_3' title="bbox 0 0 1510 4978">
    <p class='ocr_par' dir='ltr' id='par_1_5' title="bbox 0 0 1510 4978">
     <span class='ocr_line' id='line_1_39' title="bbox 0 0 1510 4978; baseline 0 2"><span class='ocrx_word' id='word_1_306' title='bbox 0 0 1510 4978; x_wconf 95' lang='lat' dir='ltr'> </span> 
     </span>
    </p>
   </div>
  </div>
 </body>
</html>
