<?xml version="1.0" encoding="UTF-8"?>
<!DOCTYPE html PUBLIC "-//W3C//DTD XHTML 1.0 Transitional//EN"
    "http://www.w3.org/TR/xhtml1/DTD/xhtml1-transitional.dtd">
<html xmlns="http://www.w3.org/1999/xhtml" xml:lang="en" lang="en">
 <head>
  <title>
</title>
<meta http-equiv="Content-Type" content="text/html;charset=utf-8" />
  <meta name='ocr-system' content='tesseract 3.04.00' />
  <meta name='ocr-capabilities' content='ocr_page ocr_carea ocr_par ocr_line ocrx_word'/>
</head>
<body>
  <div class='ocr_page' id='page_1' title='image "./debellotrojano01josegoog/debellotrojano01josegoog_0031.png"; bbox 0 0 3010 4978; ppageno 0'>
   <div class='ocr_carea' id='block_1_1' title="bbox 410 344 1247 412">
    <p class='ocr_par' dir='ltr' id='par_1_1' title="bbox 410 344 1247 412">
     <span class='ocr_line' id='line_1_1' title="bbox 410 344 1247 412; baseline 0.006 -5"><span class='ocrx_word' id='word_1_1' title='bbox 410 361 458 408; x_wconf 80' lang='lat' dir='ltr'><strong>ns</strong></span> <span class='ocrx_word' id='word_1_2' title='bbox 481 358 665 408; x_wconf 81' lang='lat' dir='ltr'><strong>ursrours</strong></span> <span class='ocrx_word' id='word_1_3' title='bbox 689 358 801 407; x_wconf 80' lang='lat' dir='ltr'><strong>ununr</strong></span> <span class='ocrx_word' id='word_1_4' title='bbox 824 358 999 409; x_wconf 72' lang='lat' dir='ltr'><strong>rnorem.</strong></span> <span class='ocrx_word' id='word_1_5' title='bbox 1204 344 1247 412; x_wconf 71' lang='lat'><strong>23</strong></span> 
     </span>
    </p>
   </div>
   <div class='ocr_carea' id='block_1_2' title="bbox 157 500 1248 1380">
    <p class='ocr_par' dir='ltr' id='par_1_2' title="bbox 157 500 1248 1380">
     <span class='ocr_line' id='line_1_2' title="bbox 157 500 1248 586; baseline -0.001 -18"><span class='ocrx_word' id='word_1_6' title='bbox 157 504 228 568; x_wconf 88' lang='lat' dir='ltr'><strong>sibi</strong></span> <span class='ocrx_word' id='word_1_7' title='bbox 240 502 435 586; x_wconf 74' lang='lat' dir='ltr'><strong>prescripto</strong></span> <span class='ocrx_word' id='word_1_8' title='bbox 447 503 482 564; x_wconf 86' lang='lat' dir='ltr'><strong>ln</strong></span> <span class='ocrx_word' id='word_1_9' title='bbox 494 501 619 582; x_wconf 78' lang='lat' dir='ltr'><strong>uulgus</strong></span> <span class='ocrx_word' id='word_1_10' title='bbox 633 500 800 582; x_wconf 88' lang='lat' dir='ltr'><strong>quondum</strong></span> <span class='ocrx_word' id='word_1_11' title='bbox 821 502 912 565; x_wconf 80' lang='lat' dir='ltr'><strong>exiit</strong></span> <span class='ocrx_word' id='word_1_12' title='bbox 956 500 1091 584; x_wconf 88' lang='lat' dir='ltr'><strong>Nempe</strong></span> <span class='ocrx_word' id='word_1_13' title='bbox 1113 501 1248 578; x_wconf 88' lang='lat' dir='ltr'><strong>Suidus,</strong></span> 
     </span>
     <span class='ocr_line' id='line_1_3' title="bbox 158 599 1248 683; baseline -0.001 -16"><span class='ocrx_word' id='word_1_14' title='bbox 158 602 184 667; x_wconf 82' lang='lat' dir='ltr'>J</span> <span class='ocrx_word' id='word_1_15' title='bbox 185 603 329 667; x_wconf 82' lang='lat' dir='ltr'><strong>obumes</strong></span> <span class='ocrx_word' id='word_1_16' title='bbox 342 599 488 676; x_wconf 79' lang='lat' dir='ltr'><strong>Mulelu,</strong></span> <span class='ocrx_word' id='word_1_17' title='bbox 500 607 535 662; x_wconf 88' lang='lat' dir='ltr'><strong>et</strong></span> <span class='ocrx_word' id='word_1_18' title='bbox 548 619 593 663; x_wconf 83' lang='lat' dir='ltr'><strong>ex</strong></span> <span class='ocrx_word' id='word_1_19' title='bbox 605 618 644 663; x_wconf 90' lang='lat' dir='ltr'><strong>eo</strong></span> <span class='ocrx_word' id='word_1_20' title='bbox 653 599 807 677; x_wconf 82' lang='lat' dir='ltr'><strong>Tnetues,</strong></span> <span class='ocrx_word' id='word_1_21' title='bbox 822 600 1004 676; x_wconf 73' lang='lat' dir='ltr'><strong>cedrenus,</strong></span> <span class='ocrx_word' id='word_1_22' title='bbox 1018 600 1151 683; x_wconf 79' lang='lat' dir='ltr'><strong>aliique,</strong></span> <span class='ocrx_word' id='word_1_23' title='bbox 1162 621 1248 683; x_wconf 87' lang='lat' dir='ltr'><strong>quos</strong></span> 
     </span>
     <span class='ocr_line' id='line_1_4' title="bbox 160 697 1246 784; baseline 0 -19"><span class='ocrx_word' id='word_1_24' title='bbox 160 701 336 784; x_wconf 83' lang='lat' dir='ltr'><strong>videspnd</strong></span> <span class='ocrx_word' id='word_1_25' title='bbox 347 700 496 763; x_wconf 71' lang='lat' dir='ltr'><strong>leonem</strong></span> <span class='ocrx_word' id='word_1_26' title='bbox 512 697 668 762; x_wconf 81' lang='lat' dir='ltr'><strong>Alletium</strong></span> <span class='ocrx_word' id='word_1_27' title='bbox 682 698 725 762; x_wconf 87' lang='lat' dir='ltr'><strong>de</strong></span> <span class='ocrx_word' id='word_1_28' title='bbox 740 699 857 763; x_wconf 84' lang='lat' dir='ltr'><strong>Putris</strong></span> <span class='ocrx_word' id='word_1_29' title='bbox 871 698 1015 763; x_wconf 82' lang='lat' dir='ltr'>Homeri</span> <span class='ocrx_word' id='word_1_30' title='bbox 1028 718 1106 782; x_wconf 75' lang='lat' dir='ltr'><strong>pug-</strong></span> <span class='ocrx_word' id='word_1_31' title='bbox 1120 700 1174 763; x_wconf 77' lang='lat'><strong>63.</strong></span> <span class='ocrx_word' id='word_1_32' title='bbox 1183 704 1246 766; x_wconf 77' lang='lat' dir='ltr'><strong>deo.</strong></span> 
     </span>
     <span class='ocr_line' id='line_1_5' title="bbox 158 798 1245 882; baseline -0.001 -17"><span class='ocrx_word' id='word_1_33' title='bbox 158 820 198 865; x_wconf 91' lang='lat' dir='ltr'><strong>eo</strong></span> <span class='ocrx_word' id='word_1_34' title='bbox 211 819 325 882; x_wconf 85' lang='lat' dir='ltr'><strong>usque</strong></span> <span class='ocrx_word' id='word_1_35' title='bbox 336 798 437 863; x_wconf 93' lang='lat' dir='ltr'><strong>uobis</strong></span> <span class='ocrx_word' id='word_1_36' title='bbox 452 799 647 880; x_wconf 72' lang='lat' dir='ltr'><strong>praeiverunt</strong></span> <span class='ocrx_word' id='word_1_37' title='bbox 659 798 723 861; x_wconf 86' lang='lat' dir='ltr'><strong>bec</strong></span> <span class='ocrx_word' id='word_1_38' title='bbox 748 799 785 861; x_wconf 91' lang='lat' dir='ltr'><strong>in</strong></span> <span class='ocrx_word' id='word_1_39' title='bbox 805 800 980 876; x_wconf 87' lang='lat' dir='ltr'><strong>sententie,</strong></span> <span class='ocrx_word' id='word_1_40' title='bbox 993 804 1032 863; x_wconf 88' lang='lat' dir='ltr'><strong>nt</strong></span> <span class='ocrx_word' id='word_1_41' title='bbox 1045 799 1183 882; x_wconf 84' lang='lat' dir='ltr'><strong>quidum</strong></span> <span class='ocrx_word' id='word_1_42' title='bbox 1201 819 1245 865; x_wconf 83' lang='lat' dir='ltr'><strong>ex</strong></span> 
     </span>
     <span class='ocr_line' id='line_1_6' title="bbox 159 896 1247 979; baseline -0.001 -15"><span class='ocrx_word' id='word_1_43' title='bbox 159 902 204 964; x_wconf 88' lang='lat' dir='ltr'><strong>iis</strong></span> <span class='ocrx_word' id='word_1_44' title='bbox 216 901 323 963; x_wconf 81' lang='lat' dir='ltr'><strong>etium</strong></span> <span class='ocrx_word' id='word_1_45' title='bbox 338 898 513 961; x_wconf 84' lang='lat' dir='ltr'><strong>Homerum</strong></span> <span class='ocrx_word' id='word_1_46' title='bbox 528 915 572 959; x_wconf 86' lang='lat' dir='ltr'><strong>ex</strong></span> <span class='ocrx_word' id='word_1_47' title='bbox 595 896 653 960; x_wconf 91' lang='lat' dir='ltr'><strong>illo</strong></span> <span class='ocrx_word' id='word_1_48' title='bbox 675 896 799 979; x_wconf 80' lang='lat' dir='ltr'><strong>Dictys</strong></span> <span class='ocrx_word' id='word_1_49' title='bbox 818 916 880 961; x_wconf 83' lang='lat' dir='ltr'><strong>sue</strong></span> <span class='ocrx_word' id='word_1_50' title='bbox 893 898 1047 963; x_wconf 86' lang='lat' dir='ltr'><strong>bensisse</strong></span> <span class='ocrx_word' id='word_1_51' title='bbox 1062 897 1247 963; x_wconf 81' lang='lat' dir='ltr'><strong>effirmuve-</strong></span> 
     </span>
     <span class='ocr_line' id='line_1_7' title="bbox 161 995 1246 1079; baseline 0.002 -17"><span class='ocrx_word' id='word_1_52' title='bbox 161 999 237 1062; x_wconf 79' lang='lat' dir='ltr'><strong>rint</strong></span> <span class='ocrx_word' id='word_1_53' title='bbox 280 997 363 1061; x_wconf 85' lang='lat' dir='ltr'><strong>Inde</strong></span> <span class='ocrx_word' id='word_1_54' title='bbox 387 1016 463 1079; x_wconf 74' lang='lat' dir='ltr'><strong>ergo</strong></span> <span class='ocrx_word' id='word_1_55' title='bbox 485 1004 519 1061; x_wconf 88' lang='lat' dir='ltr'><strong>et</strong></span> <span class='ocrx_word' id='word_1_56' title='bbox 541 995 687 1059; x_wconf 78' lang='lat' dir='ltr'>Vossius</span> <span class='ocrx_word' id='word_1_57' title='bbox 710 995 813 1060; x_wconf 82' lang='lat' dir='ltr'><strong>Peter</strong></span> <span class='ocrx_word' id='word_1_58' title='bbox 836 998 872 1060; x_wconf 92' lang='lat' dir='ltr'><strong>in</strong></span> <span class='ocrx_word' id='word_1_59' title='bbox 897 998 1080 1062; x_wconf 85' lang='lat' dir='ltr'><strong>Historicis</strong></span> <span class='ocrx_word' id='word_1_60' title='bbox 1103 998 1246 1077; x_wconf 69' lang='lat' dir='ltr'><strong>Grecis,</strong></span> 
     </span>
     <span class='ocr_line' id='line_1_8' title="bbox 162 1096 1248 1184; baseline 0.003 -22"><span class='ocrx_word' id='word_1_61' title='bbox 162 1097 351 1181; x_wconf 76' lang='lat' dir='ltr'><strong>Scriptores</strong></span> <span class='ocrx_word' id='word_1_62' title='bbox 372 1096 550 1181; x_wconf 73' lang='lat' dir='ltr'><strong>quosdam,</strong></span> <span class='ocrx_word' id='word_1_63' title='bbox 574 1097 678 1178; x_wconf 87' lang='lat' dir='ltr'><strong>inque</strong></span> <span class='ocrx_word' id='word_1_64' title='bbox 697 1096 742 1159; x_wconf 87' lang='lat' dir='ltr'><strong>iis</strong></span> <span class='ocrx_word' id='word_1_65' title='bbox 762 1096 853 1160; x_wconf 88' lang='lat' dir='ltr'><strong>bunc</strong></span> <span class='ocrx_word' id='word_1_66' title='bbox 875 1098 1011 1180; x_wconf 81' lang='lat' dir='ltr'><strong>Dictyn,</strong></span> <span class='ocrx_word' id='word_1_67' title='bbox 1032 1098 1077 1161; x_wconf 83' lang='lat' dir='ltr'><strong>sd</strong></span> <span class='ocrx_word' id='word_1_68' title='bbox 1103 1098 1248 1184; x_wconf 69' lang='lat' dir='ltr'><strong>&#39;lbojuuu</strong></span> 
     </span>
     <span class='ocr_line' id='line_1_9' title="bbox 159 1195 1247 1281; baseline 0.002 -20"><span class='ocrx_word' id='word_1_69' title='bbox 159 1205 313 1280; x_wconf 83' lang='lat' dir='ltr'><strong>tempore</strong></span> <span class='ocrx_word' id='word_1_70' title='bbox 326 1198 435 1262; x_wconf 80' lang='lat' dir='ltr'><strong>refert.</strong></span> <span class='ocrx_word' id='word_1_71' title='bbox 478 1195 549 1259; x_wconf 89' lang='lat' dir='ltr'><strong>Sed</strong></span> <span class='ocrx_word' id='word_1_72' title='bbox 570 1206 605 1259; x_wconf 89' lang='lat' dir='ltr'><strong>et</strong></span> <span class='ocrx_word' id='word_1_73' title='bbox 626 1196 698 1259; x_wconf 84' lang='lat' dir='ltr'><strong>Leo</strong></span> <span class='ocrx_word' id='word_1_74' title='bbox 713 1196 858 1260; x_wconf 83' lang='lat' dir='ltr'><strong>Allstius</strong></span> <span class='ocrx_word' id='word_1_75' title='bbox 872 1197 1040 1262; x_wconf 81' lang='lat' dir='ltr'><strong>Graeculis</strong></span> <span class='ocrx_word' id='word_1_76' title='bbox 1061 1199 1146 1274; x_wconf 89' lang='lat' dir='ltr'><strong>suis,</strong></span> <span class='ocrx_word' id='word_1_77' title='bbox 1159 1218 1247 1281; x_wconf 87' lang='lat' dir='ltr'><strong>quos</strong></span> 
     </span>
     <span class='ocr_line' id='line_1_10' title="bbox 159 1295 1248 1380; baseline 0.002 -19"><span class='ocrx_word' id='word_1_78' title='bbox 159 1297 259 1361; x_wconf 88' lang='lat' dir='ltr'><strong>modo</strong></span> <span class='ocrx_word' id='word_1_79' title='bbox 272 1296 470 1373; x_wconf 83' lang='lat' dir='ltr'><strong>memorari,</strong></span> <span class='ocrx_word' id='word_1_80' title='bbox 484 1296 584 1359; x_wconf 90' lang='lat' dir='ltr'><strong>nimis</strong></span> <span class='ocrx_word' id='word_1_81' title='bbox 605 1295 738 1359; x_wconf 76' lang='lat' dir='ltr'><strong>facilem</strong></span> <span class='ocrx_word' id='word_1_82' title='bbox 760 1305 821 1359; x_wconf 85' lang='lat' dir='ltr'><strong>sut</strong></span> <span class='ocrx_word' id='word_1_83' title='bbox 843 1298 1016 1361; x_wconf 89' lang='lat' dir='ltr'><strong>credulum</strong></span> <span class='ocrx_word' id='word_1_84' title='bbox 1037 1317 1074 1361; x_wconf 89' lang='lat' dir='ltr'><strong>se</strong></span> <span class='ocrx_word' id='word_1_85' title='bbox 1093 1299 1248 1380; x_wconf 70' lang='lat' dir='ltr'><strong>prebuit,</strong></span> 
     </span>
    </p>
   </div>
   <div class='ocr_carea' id='block_1_3' title="bbox 160 1398 1250 1484">
    <p class='ocr_par' dir='ltr' id='par_1_3' title="bbox 160 1398 1250 1484">
     <span class='ocr_line' id='line_1_11' title="bbox 160 1398 1250 1484; baseline 0.004 -22"><span class='ocrx_word' id='word_1_86' title='bbox 160 1398 355 1482; x_wconf 79' lang='lat' dir='ltr'><strong>Dictynque</strong></span> <span class='ocrx_word' id='word_1_87' title='bbox 377 1398 466 1462; x_wconf 90' lang='lat' dir='ltr'><strong>bunc</strong></span> <span class='ocrx_word' id='word_1_88' title='bbox 495 1417 571 1462; x_wconf 82' lang='lat' dir='ltr'><strong>vore</strong></span> <span class='ocrx_word' id='word_1_89' title='bbox 596 1398 750 1463; x_wconf 70' lang='lat' dir='ltr'><strong>‘&#39;Iboicis</strong></span> <span class='ocrx_word' id='word_1_90' title='bbox 776 1402 982 1484; x_wconf 75' lang='lat' dir='ltr'><strong>temporibus</strong></span> <span class='ocrx_word' id='word_1_91' title='bbox 1012 1401 1195 1483; x_wconf 57' lang='lat' dir='ltr'><strong>equulemss</strong></span> <span class='ocrx_word' id='word_1_92' title='bbox 1217 1408 1250 1466; x_wconf 87' lang='lat' dir='ltr'><strong>et</strong></span> 
     </span>
    </p>
   </div>
   <div class='ocr_carea' id='block_1_4' title="bbox 27 1497 1249 1580">
    <p class='ocr_par' dir='ltr' id='par_1_4' title="bbox 27 1497 1249 1580">
     <span class='ocr_line' id='line_1_12' title="bbox 27 1497 1249 1580; baseline 0.002 -19"><span class='ocrx_word' id='word_1_93' title='bbox 27 1498 35 1509; x_wconf 87' lang='grc'><strong>“</strong></span> <span class='ocrx_word' id='word_1_94' title='bbox 161 1497 239 1562; x_wconf 90' lang='lat' dir='ltr'><strong>ideo</strong></span> <span class='ocrx_word' id='word_1_95' title='bbox 253 1497 418 1575; x_wconf 62' lang='lat' dir='ltr'><strong>‘ltulicm’</strong></span> <span class='ocrx_word' id='word_1_96' title='bbox 441 1516 519 1580; x_wconf 71' lang='lat' dir='ltr'><strong>quoe</strong></span> <span class='ocrx_word' id='word_1_97' title='bbox 535 1498 671 1579; x_wconf 72' lang='lat' dir='ltr'><strong>vulgatu</strong></span> <span class='ocrx_word' id='word_1_98' title='bbox 686 1497 803 1562; x_wconf 81' lang='lat' dir='ltr'><strong>Suidse</strong></span> <span class='ocrx_word' id='word_1_99' title='bbox 816 1499 916 1563; x_wconf 86' lang='lat' dir='ltr'><strong>lectio</strong></span> <span class='ocrx_word' id='word_1_100' title='bbox 938 1500 989 1565; x_wconf 84' lang='lat' dir='ltr'><strong>rlli</strong></span> <span class='ocrx_word' id='word_1_101' title='bbox 1007 1502 1132 1576; x_wconf 77' lang='lat' dir='ltr'><strong>tribuit,</strong></span> <span class='ocrx_word' id='word_1_102' title='bbox 1147 1501 1249 1564; x_wconf 87' lang='lat' dir='ltr'><strong>‘scri-</strong></span> 
     </span>
    </p>
   </div>
   <div class='ocr_carea' id='block_1_5' title="bbox 160 1598 1260 4183">
    <p class='ocr_par' dir='ltr' id='par_1_5' title="bbox 160 1598 1249 1762">
     <span class='ocr_line' id='line_1_13' title="bbox 160 1598 1249 1681; baseline 0.002 -19"><span class='ocrx_word' id='word_1_103' title='bbox 160 1598 238 1662; x_wconf 81' lang='lat' dir='ltr'><strong>bere</strong></span> <span class='ocrx_word' id='word_1_104' title='bbox 251 1617 317 1662; x_wconf 93' lang='lat' dir='ltr'><strong>nou</strong></span> <span class='ocrx_word' id='word_1_105' title='bbox 332 1599 504 1681; x_wconf 82' lang='lat' dir='ltr'><strong>potuisso&#39;</strong></span> <span class='ocrx_word' id='word_1_106' title='bbox 519 1599 701 1675; x_wconf 80' lang='lat' dir='ltr'><strong>contendit,</strong></span> <span class='ocrx_word' id='word_1_107' title='bbox 717 1603 813 1662; x_wconf 86' lang='lat' dir='ltr'><strong>‘cum</strong></span> <span class='ocrx_word' id='word_1_108' title='bbox 827 1606 909 1663; x_wconf 90' lang='lat' dir='ltr'><strong>tunc</strong></span> <span class='ocrx_word' id='word_1_109' title='bbox 924 1599 1054 1664; x_wconf 83' lang='lat' dir='ltr'><strong>ltulicre</strong></span> <span class='ocrx_word' id='word_1_110' title='bbox 1070 1618 1125 1664; x_wconf 87' lang='lat' dir='ltr'><strong>res</strong></span> <span class='ocrx_word' id='word_1_111' title='bbox 1138 1600 1175 1664; x_wconf 92' lang='lat' dir='ltr'><strong>in</strong></span> <span class='ocrx_word' id='word_1_112' title='bbox 1188 1600 1249 1664; x_wconf 91' lang='lat' dir='ltr'><strong>ob-</strong></span> 
     </span>
     <span class='ocr_line' id='line_1_14' title="bbox 160 1698 414 1762; baseline -0.004 0"><span class='ocrx_word' id='word_1_113' title='bbox 160 1717 263 1762; x_wconf 80' lang='lat' dir='ltr'><strong>scuro</strong></span> <span class='ocrx_word' id='word_1_114' title='bbox 277 1698 414 1762; x_wconf 70' lang='lat' dir='ltr'><strong>esseut!</strong></span> 
     </span>
    </p>

    <p class='ocr_par' dir='ltr' id='par_1_6' title="bbox 162 1799 1259 3179">
     <span class='ocr_line' id='line_1_15' title="bbox 206 1799 1249 1883; baseline 0.004 -22"><span class='ocrx_word' id='word_1_115' title='bbox 206 1815 247 1861; x_wconf 89' lang='grc' dir='ltr'><strong>ιι.</strong></span> <span class='ocrx_word' id='word_1_116' title='bbox 270 1799 388 1862; x_wconf 76' lang='lat' dir='ltr'><strong>Errare</strong></span> <span class='ocrx_word' id='word_1_117' title='bbox 399 1808 512 1864; x_wconf 84' lang='lat' dir='ltr'><strong>eutem</strong></span> <span class='ocrx_word' id='word_1_118' title='bbox 524 1819 587 1864; x_wconf 88' lang='lat' dir='ltr'><strong>eos</strong></span> <span class='ocrx_word' id='word_1_119' title='bbox 602 1807 639 1863; x_wconf 91' lang='lat' dir='ltr'><strong>ut</strong></span> <span class='ocrx_word' id='word_1_120' title='bbox 653 1806 794 1870; x_wconf 89' lang='lat' dir='ltr'><strong>constet,</strong></span> <span class='ocrx_word' id='word_1_121' title='bbox 809 1799 1049 1864; x_wconf 87' lang='lat' dir='ltr'><strong>ostendendum</strong></span> <span class='ocrx_word' id='word_1_122' title='bbox 1063 1801 1160 1864; x_wconf 88' lang='lat' dir='ltr'><strong>nobis</strong></span> <span class='ocrx_word' id='word_1_123' title='bbox 1181 1803 1249 1883; x_wconf 88' lang='lat' dir='ltr'><strong>pri·</strong></span> 
     </span>
     <span class='ocr_line' id='line_1_16' title="bbox 162 1896 1250 1982; baseline 0.004 -23"><span class='ocrx_word' id='word_1_124' title='bbox 162 1915 205 1959; x_wconf 88' lang='lat' dir='ltr'><strong>us</strong></span> <span class='ocrx_word' id='word_1_125' title='bbox 216 1896 363 1961; x_wconf 65' lang='lat' dir='ltr'><strong>Graecos</strong></span> <span class='ocrx_word' id='word_1_126' title='bbox 374 1898 493 1976; x_wconf 85' lang='lat' dir='ltr'><strong>hosce,</strong></span> <span class='ocrx_word' id='word_1_127' title='bbox 518 1902 579 1982; x_wconf 88' lang='lat' dir='ltr'><strong>qni</strong></span> <span class='ocrx_word' id='word_1_128' title='bbox 594 1900 717 1982; x_wconf 79' lang='lat' dir='ltr'><strong>Dictyn</strong></span> <span class='ocrx_word' id='word_1_129' title='bbox 742 1900 880 1963; x_wconf 81' lang='lat' dir='ltr'><strong>subinde</strong></span> <span class='ocrx_word' id='word_1_130' title='bbox 899 1898 1049 1975; x_wconf 78' lang='lat' dir='ltr'><strong>laudent,</strong></span> <span class='ocrx_word' id='word_1_131' title='bbox 1065 1918 1131 1963; x_wconf 91' lang='lat' dir='ltr'><strong>nou</strong></span> <span class='ocrx_word' id='word_1_132' title='bbox 1146 1901 1250 1964; x_wconf 85' lang='lat' dir='ltr'><strong>ulium</strong></span> 
     </span>
     <span class='ocr_line' id='line_1_17' title="bbox 165 1993 1253 2081; baseline 0.004 -23"><span class='ocrx_word' id='word_1_133' title='bbox 165 1993 344 2073; x_wconf 75' lang='lat' dir='ltr'><strong>munisse,</strong></span> <span class='ocrx_word' id='word_1_134' title='bbox 358 2016 458 2077; x_wconf 86' lang='lat' dir='ltr'><strong>quem</strong></span> <span class='ocrx_word' id='word_1_135' title='bbox 469 1999 571 2073; x_wconf 88' lang='lat' dir='ltr'><strong>hunc,</strong></span> <span class='ocrx_word' id='word_1_136' title='bbox 584 1999 643 2081; x_wconf 88' lang='lat' dir='ltr'><strong>qui</strong></span> <span class='ocrx_word' id='word_1_137' title='bbox 663 1999 809 2062; x_wconf 80' lang='lat' dir='ltr'><strong>Neronis</strong></span> <span class='ocrx_word' id='word_1_138' title='bbox 827 2007 973 2081; x_wconf 85' lang='lat' dir='ltr'><strong>ternpore</strong></span> <span class='ocrx_word' id='word_1_139' title='bbox 992 1998 1126 2079; x_wconf 80' lang='lat' dir='ltr'><strong>fingitur</strong></span> <span class='ocrx_word' id='word_1_140' title='bbox 1139 2000 1253 2062; x_wconf 80' lang='lat' dir='ltr'><strong>inven-</strong></span> 
     </span>
     <span class='ocr_line' id='line_1_18' title="bbox 172 2094 1253 2180; baseline 0.005 -23"><span class='ocrx_word' id='word_1_141' title='bbox 172 2098 233 2157; x_wconf 87' lang='lat' dir='ltr'><strong>tus</strong></span> <span class='ocrx_word' id='word_1_142' title='bbox 246 2095 287 2155; x_wconf 92' lang='lat' dir='ltr'><strong>in</strong></span> <span class='ocrx_word' id='word_1_143' title='bbox 300 2094 469 2157; x_wconf 76' lang='lat' dir='ltr'><strong>Cretensis</strong></span> <span class='ocrx_word' id='word_1_144' title='bbox 481 2103 579 2160; x_wconf 78' lang='lat' dir='ltr'><strong>terres</strong></span> <span class='ocrx_word' id='word_1_145' title='bbox 594 2098 760 2179; x_wconf 83' lang='lat' dir='ltr'><strong>sepulcro,</strong></span> <span class='ocrx_word' id='word_1_146' title='bbox 774 2106 808 2160; x_wconf 85' lang='lat' dir='ltr'><strong>et</strong></span> <span class='ocrx_word' id='word_1_147' title='bbox 826 2116 870 2161; x_wconf 83' lang='lat' dir='ltr'><strong>ex</strong></span> <span class='ocrx_word' id='word_1_148' title='bbox 890 2117 953 2180; x_wconf 86' lang='lat' dir='ltr'><strong>quo</strong></span> <span class='ocrx_word' id='word_1_149' title='bbox 979 2098 1167 2180; x_wconf 85' lang='lat' dir='ltr'><strong>Septimius</strong></span> <span class='ocrx_word' id='word_1_150' title='bbox 1181 2099 1253 2180; x_wconf 86' lang='lat' dir='ltr'><strong>qui·</strong></span> 
     </span>
     <span class='ocr_line' id='line_1_19' title="bbox 174 2194 1252 2281; baseline 0.004 -22"><span class='ocrx_word' id='word_1_151' title='bbox 174 2195 255 2259; x_wconf 81' lang='lat' dir='ltr'><strong>dem</strong></span> <span class='ocrx_word' id='word_1_152' title='bbox 268 2194 425 2258; x_wconf 68' lang='lat' dir='ltr'><strong>latinum</strong></span> <span class='ocrx_word' id='word_1_153' title='bbox 438 2194 524 2260; x_wconf 85' lang='lat' dir='ltr'><strong>benc</strong></span> <span class='ocrx_word' id='word_1_154' title='bbox 540 2195 736 2261; x_wconf 86' lang='lat' dir='ltr'><strong>Versionem</strong></span> <span class='ocrx_word' id='word_1_155' title='bbox 748 2218 808 2262; x_wconf 86' lang='lat' dir='ltr'><strong>seu</strong></span> <span class='ocrx_word' id='word_1_156' title='bbox 820 2198 991 2281; x_wconf 83' lang='lat' dir='ltr'><strong>Epitomeu</strong></span> <span class='ocrx_word' id='word_1_157' title='bbox 1006 2199 1107 2263; x_wconf 90' lang='lat' dir='ltr'><strong>nobis</strong></span> <span class='ocrx_word' id='word_1_158' title='bbox 1122 2200 1252 2263; x_wconf 85' lang='lat' dir='ltr'><strong>concin-</strong></span> 
     </span>
     <span class='ocr_line' id='line_1_20' title="bbox 166 2294 1252 2379; baseline 0.006 -21"><span class='ocrx_word' id='word_1_159' title='bbox 166 2300 285 2359; x_wconf 78' lang='lat' dir='ltr'><strong>natum</strong></span> <span class='ocrx_word' id='word_1_160' title='bbox 299 2294 442 2376; x_wconf 83' lang='lat' dir='ltr'><strong>reliquit.</strong></span> <span class='ocrx_word' id='word_1_161' title='bbox 484 2295 658 2360; x_wconf 85' lang='lat' dir='ltr'><strong>Posterius</strong></span> <span class='ocrx_word' id='word_1_162' title='bbox 670 2298 735 2361; x_wconf 91' lang='lat' dir='ltr'><strong>boc</strong></span> <span class='ocrx_word' id='word_1_163' title='bbox 750 2306 866 2379; x_wconf 77' lang='lat' dir='ltr'><strong>negent</strong></span> <span class='ocrx_word' id='word_1_164' title='bbox 878 2306 988 2363; x_wconf 87' lang='lat' dir='ltr'><strong>temen</strong></span> <span class='ocrx_word' id='word_1_165' title='bbox 1010 2319 1086 2363; x_wconf 89' lang='lat' dir='ltr'><strong>oum</strong></span> <span class='ocrx_word' id='word_1_166' title='bbox 1100 2299 1169 2376; x_wconf 85' lang='lat' dir='ltr'><strong>ulii,</strong></span> <span class='ocrx_word' id='word_1_167' title='bbox 1183 2306 1252 2364; x_wconf 87' lang='lat' dir='ltr'><strong>tum</strong></span> 
     </span>
     <span class='ocr_line' id='line_1_21' title="bbox 164 2394 1250 2483; baseline 0.003 -24"><span class='ocrx_word' id='word_1_168' title='bbox 164 2394 318 2459; x_wconf 81' lang='lat' dir='ltr'><strong>Vossius</strong></span> <span class='ocrx_word' id='word_1_169' title='bbox 346 2395 382 2457; x_wconf 95' lang='lat' dir='ltr'><strong>iu</strong></span> <span class='ocrx_word' id='word_1_170' title='bbox 410 2394 597 2461; x_wconf 86' lang='lat' dir='ltr'><strong>Historieis</strong></span> <span class='ocrx_word' id='word_1_171' title='bbox 624 2398 765 2474; x_wconf 68' lang='lat' dir='ltr'><strong>Ietinis,</strong></span> <span class='ocrx_word' id='word_1_172' title='bbox 796 2402 830 2463; x_wconf 92' lang='lat' dir='ltr'><strong>in</strong></span> <span class='ocrx_word' id='word_1_173' title='bbox 854 2399 1041 2481; x_wconf 87' lang='lat' dir='ltr'><strong>Septimio:</strong></span> <span class='ocrx_word' id='word_1_174' title='bbox 1075 2407 1250 2483; x_wconf 89' lang='lat' dir='ltr'><strong>utrumque</strong></span> 
     </span>
     <span class='ocr_line' id='line_1_22' title="bbox 163 2492 1250 2581; baseline 0.004 -22"><span class='ocrx_word' id='word_1_175' title='bbox 163 2513 246 2559; x_wconf 81' lang='lat' dir='ltr'><strong>vero</strong></span> <span class='ocrx_word' id='word_1_176' title='bbox 258 2492 335 2558; x_wconf 84' lang='lat' dir='ltr'><strong>Jos.</strong></span> <span class='ocrx_word' id='word_1_177' title='bbox 353 2494 536 2573; x_wconf 78' lang='lat' dir='ltr'><strong>Mercerus,</strong></span> <span class='ocrx_word' id='word_1_178' title='bbox 552 2505 586 2561; x_wconf 90' lang='lat' dir='ltr'><strong>et</strong></span> <span class='ocrx_word' id='word_1_179' title='bbox 600 2498 701 2563; x_wconf 81' lang='lat' dir='ltr'><strong>Anne</strong></span> <span class='ocrx_word' id='word_1_180' title='bbox 715 2499 827 2575; x_wconf 84' lang='lat' dir='ltr'><strong>Fabri,</strong></span> <span class='ocrx_word' id='word_1_181' title='bbox 840 2501 876 2563; x_wconf 92' lang='lat' dir='ltr'><strong>iu</strong></span> <span class='ocrx_word' id='word_1_182' title='bbox 891 2498 993 2563; x_wconf 88' lang='lat' dir='ltr'><strong>Notis</strong></span> <span class='ocrx_word' id='word_1_183' title='bbox 1012 2500 1057 2563; x_wconf 83' lang='lat' dir='ltr'><strong>sd</strong></span> <span class='ocrx_word' id='word_1_184' title='bbox 1072 2498 1250 2581; x_wconf 73' lang='lat' dir='ltr'><strong>Prologum</strong></span> 
     </span>
     <span class='ocr_line' id='line_1_23' title="bbox 163 2594 1252 2681; baseline 0.003 -23"><span class='ocrx_word' id='word_1_185' title='bbox 163 2594 269 2659; x_wconf 81' lang='lat' dir='ltr'><strong>nostri</strong></span> <span class='ocrx_word' id='word_1_186' title='bbox 283 2594 445 2659; x_wconf 83' lang='lat' dir='ltr'><strong>Auctoris</strong></span> <span class='ocrx_word' id='word_1_187' title='bbox 457 2601 491 2659; x_wconf 88' lang='lat' dir='ltr'><strong>et</strong></span> <span class='ocrx_word' id='word_1_188' title='bbox 505 2597 549 2659; x_wconf 89' lang='lat' dir='ltr'><strong>ed</strong></span> <span class='ocrx_word' id='word_1_189' title='bbox 571 2597 631 2661; x_wconf 91' lang='lat' dir='ltr'><strong>lib.</strong></span> <span class='ocrx_word' id='word_1_190' title='bbox 647 2614 697 2662; x_wconf 84' lang='lat' dir='ltr'><strong>lv.</strong></span> <span class='ocrx_word' id='word_1_191' title='bbox 712 2617 788 2681; x_wconf 87' lang='lat' dir='ltr'><strong>cup.</strong></span> <span class='ocrx_word' id='word_1_192' title='bbox 801 2599 856 2662; x_wconf 75' lang='lat'><strong>21.</strong></span> <span class='ocrx_word' id='word_1_193' title='bbox 900 2597 999 2676; x_wconf 81' lang='lat' dir='ltr'><strong>Quos</strong></span> <span class='ocrx_word' id='word_1_194' title='bbox 1021 2598 1080 2662; x_wconf 83' lang='lat' dir='ltr'><strong>elii</strong></span> <span class='ocrx_word' id='word_1_195' title='bbox 1099 2598 1252 2680; x_wconf 86' lang='lat' dir='ltr'><strong>plerique</strong></span> 
     </span>
     <span class='ocr_line' id='line_1_24' title="bbox 164 2694 1253 2781; baseline 0.003 -22"><span class='ocrx_word' id='word_1_196' title='bbox 164 2703 361 2777; x_wconf 87' lang='lat' dir='ltr'><strong>sequuntur.</strong></span> <span class='ocrx_word' id='word_1_197' title='bbox 403 2694 477 2775; x_wconf 79' lang='lat' dir='ltr'><strong>Ego</strong></span> <span class='ocrx_word' id='word_1_198' title='bbox 493 2714 573 2760; x_wconf 82' lang='lat' dir='ltr'><strong>uero</strong></span> <span class='ocrx_word' id='word_1_199' title='bbox 586 2700 779 2781; x_wconf 76' lang='lat' dir='ltr'><strong>neutiquam</strong></span> <span class='ocrx_word' id='word_1_200' title='bbox 793 2699 862 2762; x_wconf 89' lang='lat' dir='ltr'><strong>illis</strong></span> <span class='ocrx_word' id='word_1_201' title='bbox 883 2700 1059 2775; x_wconf 64' lang='lat' dir='ltr'><strong>assentior,</strong></span> <span class='ocrx_word' id='word_1_202' title='bbox 1073 2704 1109 2761; x_wconf 87' lang='lat' dir='ltr'><strong>et</strong></span> <span class='ocrx_word' id='word_1_203' title='bbox 1121 2705 1253 2762; x_wconf 82' lang='lat' dir='ltr'><strong>contre·</strong></span> 
     </span>
     <span class='ocr_line' id='line_1_25' title="bbox 162 2793 1253 2877; baseline 0 -19"><span class='ocrx_word' id='word_1_204' title='bbox 162 2795 263 2871; x_wconf 85' lang='lat' dir='ltr'><strong>rium,</strong></span> <span class='ocrx_word' id='word_1_205' title='bbox 274 2793 342 2858; x_wconf 86' lang='lat' dir='ltr'><strong>nisi</strong></span> <span class='ocrx_word' id='word_1_206' title='bbox 355 2794 463 2869; x_wconf 76' lang='lat' dir='ltr'><strong>fallor,</strong></span> <span class='ocrx_word' id='word_1_207' title='bbox 476 2796 616 2877; x_wconf 85' lang='lat' dir='ltr'><strong>liquebit</strong></span> <span class='ocrx_word' id='word_1_208' title='bbox 630 2798 847 2861; x_wconf 76' lang='lat' dir='ltr'><strong>clarissimum</strong></span> <span class='ocrx_word' id='word_1_209' title='bbox 860 2798 897 2859; x_wconf 89' lang='lat' dir='ltr'><strong>in</strong></span> <span class='ocrx_word' id='word_1_210' title='bbox 909 2797 1045 2859; x_wconf 88' lang='lat' dir='ltr'><strong>modum</strong></span> <span class='ocrx_word' id='word_1_211' title='bbox 1054 2814 1098 2859; x_wconf 83' lang='lat' dir='ltr'><strong>ex</strong></span> <span class='ocrx_word' id='word_1_212' title='bbox 1112 2796 1164 2872; x_wconf 89' lang='lat' dir='ltr'><strong>iis,</strong></span> <span class='ocrx_word' id='word_1_213' title='bbox 1175 2814 1253 2877; x_wconf 79' lang='lat' dir='ltr'><strong>qum</strong></span> 
     </span>
     <span class='ocr_line' id='line_1_26' title="bbox 164 2892 1255 2978; baseline 0.003 -22"><span class='ocrx_word' id='word_1_214' title='bbox 164 2893 291 2958; x_wconf 83' lang='lat' dir='ltr'><strong>dicum.</strong></span> <span class='ocrx_word' id='word_1_215' title='bbox 334 2892 435 2958; x_wconf 89' lang='lat' dir='ltr'><strong>Prius</strong></span> <span class='ocrx_word' id='word_1_216' title='bbox 451 2904 562 2958; x_wconf 87' lang='lat' dir='ltr'><strong>eutem</strong></span> <span class='ocrx_word' id='word_1_217' title='bbox 578 2897 766 2971; x_wconf 80' lang='lat' dir='ltr'><strong>ostendam,</strong></span> <span class='ocrx_word' id='word_1_218' title='bbox 776 2895 868 2978; x_wconf 91' lang='lat' dir='ltr'><strong>quod</strong></span> <span class='ocrx_word' id='word_1_219' title='bbox 883 2895 978 2976; x_wconf 90' lang='lat' dir='ltr'><strong>prius</strong></span> <span class='ocrx_word' id='word_1_220' title='bbox 991 2895 1102 2975; x_wconf 87' lang='lat' dir='ltr'><strong>posui,</strong></span> <span class='ocrx_word' id='word_1_221' title='bbox 1116 2895 1255 2959; x_wconf 68' lang='lat' dir='ltr'><strong>Grecos</strong></span> 
     </span>
     <span class='ocr_line' id='line_1_27' title="bbox 164 2993 1259 3075; baseline -0.002 -18"><span class='ocrx_word' id='word_1_222' title='bbox 164 2993 271 3058; x_wconf 70' lang='grc' dir='ltr'><strong>ιιιοᾱο</strong></span> <span class='ocrx_word' id='word_1_223' title='bbox 284 3002 487 3058; x_wconf 79' lang='lat' dir='ltr'><strong>memoratos</strong></span> <span class='ocrx_word' id='word_1_224' title='bbox 505 3014 572 3059; x_wconf 94' lang='lat' dir='ltr'><strong>nou</strong></span> <span class='ocrx_word' id='word_1_225' title='bbox 595 2997 698 3060; x_wconf 78' lang='lat' dir='ltr'><strong>aliurn</strong></span> <span class='ocrx_word' id='word_1_226' title='bbox 718 2996 881 3060; x_wconf 79' lang='lat' dir='ltr'><strong>babuisse</strong></span> <span class='ocrx_word' id='word_1_227' title='bbox 896 3001 956 3058; x_wconf 87' lang='lat' dir='ltr'><strong>eut</strong></span> <span class='ocrx_word' id='word_1_228' title='bbox 976 2993 1110 3055; x_wconf 79' lang='lat' dir='ltr'><strong>uouisse</strong></span> <span class='ocrx_word' id='word_1_229' title='bbox 1126 2993 1259 3075; x_wconf 80' lang='lat' dir='ltr'><strong>Dictyu,</strong></span> 
     </span>
     <span class='ocr_line' id='line_1_28' title="bbox 166 3094 557 3179; baseline 0.003 -20"><span class='ocrx_word' id='word_1_230' title='bbox 166 3114 271 3179; x_wconf 78' lang='lat' dir='ltr'><strong>quem</strong></span> <span class='ocrx_word' id='word_1_231' title='bbox 283 3094 374 3160; x_wconf 87' lang='lat' dir='ltr'><strong>bunc</strong></span> <span class='ocrx_word' id='word_1_232' title='bbox 388 3094 557 3178; x_wconf 87' lang='lat' dir='ltr'><strong>Septimii.</strong></span> 
     </span>
    </p>

    <p class='ocr_par' dir='ltr' id='par_1_7' title="bbox 165 3193 1257 3984">
     <span class='ocr_line' id='line_1_29' title="bbox 211 3193 1257 3278; baseline -0.001 -20"><span class='ocrx_word' id='word_1_233' title='bbox 211 3212 270 3259; x_wconf 92' lang='grc' dir='ltr'><strong>ιιι.</strong></span> <span class='ocrx_word' id='word_1_234' title='bbox 294 3196 335 3260; x_wconf 91' lang='lat' dir='ltr'><strong>ld</strong></span> <span class='ocrx_word' id='word_1_235' title='bbox 358 3215 438 3259; x_wconf 83' lang='lat' dir='ltr'><strong>vero</strong></span> <span class='ocrx_word' id='word_1_236' title='bbox 458 3197 670 3261; x_wconf 78' lang='lat' dir='ltr'><strong>menifestum</strong></span> <span class='ocrx_word' id='word_1_237' title='bbox 691 3216 737 3261; x_wconf 80' lang='lat' dir='ltr'><strong>ex</strong></span> <span class='ocrx_word' id='word_1_238' title='bbox 758 3215 810 3273; x_wconf 88' lang='lat' dir='ltr'><strong>eo,</strong></span> <span class='ocrx_word' id='word_1_239' title='bbox 823 3195 913 3278; x_wconf 91' lang='lat' dir='ltr'><strong>quod</strong></span> <span class='ocrx_word' id='word_1_240' title='bbox 939 3212 1037 3259; x_wconf 88' lang='lat' dir='ltr'><strong>suum</strong></span> <span class='ocrx_word' id='word_1_241' title='bbox 1061 3193 1186 3278; x_wconf 82' lang='lat' dir='ltr'><strong>Dictyn</strong></span> <span class='ocrx_word' id='word_1_242' title='bbox 1199 3210 1257 3274; x_wconf 70' lang='lat' dir='ltr'><strong>sg-</strong></span> 
     </span>
     <span class='ocr_line' id='line_1_30' title="bbox 165 3294 1256 3379; baseline -0.001 -19"><span class='ocrx_word' id='word_1_243' title='bbox 165 3305 310 3361; x_wconf 87' lang='lat' dir='ltr'><strong>noscunt</strong></span> <span class='ocrx_word' id='word_1_244' title='bbox 323 3296 441 3361; x_wconf 85' lang='lat' dir='ltr'><strong>itidem</strong></span> <span class='ocrx_word' id='word_1_245' title='bbox 455 3303 604 3379; x_wconf 83' lang='lat' dir='ltr'><strong>tempore</strong></span> <span class='ocrx_word' id='word_1_246' title='bbox 617 3298 752 3363; x_wconf 89' lang='lat' dir='ltr'><strong>demum</strong></span> <span class='ocrx_word' id='word_1_247' title='bbox 763 3297 897 3362; x_wconf 84' lang='lat' dir='ltr'><strong>claudii</strong></span> <span class='ocrx_word' id='word_1_248' title='bbox 915 3296 970 3361; x_wconf 80' lang='lat' dir='ltr'><strong>vel</strong></span> <span class='ocrx_word' id='word_1_249' title='bbox 986 3294 1133 3360; x_wconf 86' lang='lat' dir='ltr'><strong>Neronis</strong></span> <span class='ocrx_word' id='word_1_250' title='bbox 1143 3296 1256 3362; x_wconf 82' lang='lat' dir='ltr'><strong>iuren-</strong></span> 
     </span>
     <span class='ocr_line' id='line_1_31' title="bbox 172 3396 1255 3481; baseline 0.001 -22"><span class='ocrx_word' id='word_1_251' title='bbox 172 3402 295 3474; x_wconf 86' lang='lat' dir='ltr'><strong>tum,ot</strong></span> <span class='ocrx_word' id='word_1_252' title='bbox 316 3397 434 3462; x_wconf 88' lang='lat' dir='ltr'><strong>eodem</strong></span> <span class='ocrx_word' id='word_1_253' title='bbox 460 3398 595 3479; x_wconf 86' lang='lat' dir='ltr'><strong>quidem</strong></span> <span class='ocrx_word' id='word_1_254' title='bbox 620 3399 734 3475; x_wconf 90' lang='lat' dir='ltr'><strong>modo,</strong></span> <span class='ocrx_word' id='word_1_255' title='bbox 750 3417 815 3481; x_wconf 85' lang='lat' dir='ltr'><strong>quo</strong></span> <span class='ocrx_word' id='word_1_256' title='bbox 837 3397 871 3461; x_wconf 93' lang='lat' dir='ltr'><strong>id</strong></span> <span class='ocrx_word' id='word_1_257' title='bbox 894 3397 989 3460; x_wconf 91' lang='lat' dir='ltr'><strong>nobis</strong></span> <span class='ocrx_word' id='word_1_258' title='bbox 1008 3405 1119 3461; x_wconf 77' lang='lat' dir='ltr'><strong>nerrst</strong></span> <span class='ocrx_word' id='word_1_259' title='bbox 1143 3396 1255 3478; x_wconf 89' lang='lat' dir='ltr'><strong>Septi·</strong></span> 
     </span>
     <span class='ocr_line' id='line_1_32' title="bbox 174 3497 1254 3580; baseline 0 -21"><span class='ocrx_word' id='word_1_260' title='bbox 174 3497 270 3572; x_wconf 84' lang='lat' dir='ltr'><strong>mius,</strong></span> <span class='ocrx_word' id='word_1_261' title='bbox 282 3497 415 3561; x_wconf 84' lang='lat' dir='ltr'><strong>scilicet</strong></span> <span class='ocrx_word' id='word_1_262' title='bbox 429 3497 463 3559; x_wconf 94' lang='lat' dir='ltr'><strong>iu</strong></span> <span class='ocrx_word' id='word_1_263' title='bbox 487 3497 645 3579; x_wconf 87' lang='lat' dir='ltr'><strong>sepulcro</strong></span> <span class='ocrx_word' id='word_1_264' title='bbox 667 3498 769 3574; x_wconf 87' lang='lat' dir='ltr'><strong>illius,</strong></span> <span class='ocrx_word' id='word_1_265' title='bbox 787 3507 826 3562; x_wconf 88' lang='lat' dir='ltr'><strong>ut</strong></span> <span class='ocrx_word' id='word_1_266' title='bbox 847 3498 951 3574; x_wconf 82' lang='lat' dir='ltr'><strong>siunt,</strong></span> <span class='ocrx_word' id='word_1_267' title='bbox 966 3498 1121 3580; x_wconf 82' lang='lat' dir='ltr'><strong>Dictyos,</strong></span> <span class='ocrx_word' id='word_1_268' title='bbox 1135 3502 1254 3579; x_wconf 76' lang='lat' dir='ltr'><strong>operto</strong></span> 
     </span>
     <span class='ocr_line' id='line_1_33' title="bbox 173 3594 1256 3681; baseline -0.004 -19"><span class='ocrx_word' id='word_1_269' title='bbox 173 3611 238 3675; x_wconf 72' lang='lat'><strong>1³01</strong></span> <span class='ocrx_word' id='word_1_270' title='bbox 258 3601 349 3661; x_wconf 64' lang='lat' dir='ltr'><strong>m</strong></span> <span class='ocrx_word' id='word_1_271' title='bbox 369 3606 512 3673; x_wconf 82' lang='lat' dir='ltr'><strong>motum,</strong></span> <span class='ocrx_word' id='word_1_272' title='bbox 535 3604 571 3660; x_wconf 76' lang='lat' dir='ltr'><strong>et</strong></span> <span class='ocrx_word' id='word_1_273' title='bbox 596 3598 695 3662; x_wconf 72' lang='lat' dir='ltr'><strong>isthic</strong></span> <span class='ocrx_word' id='word_1_274' title='bbox 714 3599 849 3681; x_wconf 81' lang='lat' dir='ltr'><strong>quidem</strong></span> <span class='ocrx_word' id='word_1_275' title='bbox 871 3600 898 3660; x_wconf 65' lang='grc' dir='ltr'><strong>ὃν</strong></span> <span class='ocrx_word' id='word_1_276' title='bbox 919 3595 1104 3681; x_wconf 69' lang='lat' dir='ltr'><strong>munsplsrp</strong></span> <span class='ocrx_word' id='word_1_277' title='bbox 1118 3594 1256 3679; x_wconf 63' lang='grc' dir='ltr'><strong>κιβωτίῳ,</strong></span> 
     </span>
     <span class='ocr_line' id='line_1_34' title="bbox 172 3696 1255 3776; baseline 0.002 -19"><span class='ocrx_word' id='word_1_278' title='bbox 172 3696 233 3758; x_wconf 88' lang='lat' dir='ltr'><strong>‘in</strong></span> <span class='ocrx_word' id='word_1_279' title='bbox 255 3697 366 3759; x_wconf 75' lang='lat' dir='ltr'><strong>ercule</strong></span> <span class='ocrx_word' id='word_1_280' title='bbox 387 3697 547 3762; x_wconf 72' lang='lat' dir='ltr'><strong>stennes&#39;</strong></span> <span class='ocrx_word' id='word_1_281' title='bbox 600 3698 656 3763; x_wconf 84' lang='lat' dir='ltr'><strong>ltu</strong></span> <span class='ocrx_word' id='word_1_282' title='bbox 677 3708 762 3763; x_wconf 86' lang='lat' dir='ltr'><strong>certe</strong></span> <span class='ocrx_word' id='word_1_283' title='bbox 791 3699 924 3776; x_wconf 83' lang='lat' dir='ltr'><strong>Suides,</strong></span> <span class='ocrx_word' id='word_1_284' title='bbox 954 3704 988 3763; x_wconf 90' lang='lat' dir='ltr'><strong>et</strong></span> <span class='ocrx_word' id='word_1_285' title='bbox 1013 3697 1094 3763; x_wconf 76' lang='lat' dir='ltr'><strong>son</strong></span> <span class='ocrx_word' id='word_1_286' title='bbox 1117 3696 1255 3772; x_wconf 82' lang='lat' dir='ltr'><strong>Melele,</strong></span> 
     </span>
     <span class='ocr_line' id='line_1_35' title="bbox 169 3793 1256 3884; baseline -0.001 -25"><span class='ocrx_word' id='word_1_287' title='bbox 169 3812 279 3880; x_wconf 86' lang='lat' dir='ltr'><strong>quem</strong></span> <span class='ocrx_word' id='word_1_288' title='bbox 294 3793 419 3873; x_wconf 79' lang='lat' dir='ltr'><strong>videus,</strong></span> <span class='ocrx_word' id='word_1_289' title='bbox 438 3806 561 3862; x_wconf 89' lang='lat' dir='ltr'><strong>etcum</strong></span> <span class='ocrx_word' id='word_1_290' title='bbox 576 3799 689 3864; x_wconf 66' lang='lat' dir='ltr'><strong>launi</strong></span> <span class='ocrx_word' id='word_1_291' title='bbox 704 3801 846 3884; x_wconf 82' lang='lat' dir='ltr'><strong>Dictyos</strong></span> <span class='ocrx_word' id='word_1_292' title='bbox 859 3799 1014 3882; x_wconf 78' lang='lat' dir='ltr'><strong>Prologis</strong></span> <span class='ocrx_word' id='word_1_293' title='bbox 1027 3794 1178 3862; x_wconf 74' lang='lat' dir='ltr'><strong>oonfmes</strong></span> <span class='ocrx_word' id='word_1_294' title='bbox 1198 3813 1256 3858; x_wconf 80' lang='lat' dir='ltr'><strong>ve·</strong></span> 
     </span>
     <span class='ocr_line' id='line_1_36' title="bbox 167 3894 812 3984; baseline 0.002 -23"><span class='ocrx_word' id='word_1_295' title='bbox 167 3897 246 3972; x_wconf 89' lang='lat' dir='ltr'><strong>lim,</strong></span> <span class='ocrx_word' id='word_1_296' title='bbox 259 3912 343 3978; x_wconf 76' lang='lat' dir='ltr'><strong>pug-</strong></span> <span class='ocrx_word' id='word_1_297' title='bbox 356 3894 427 3958; x_wconf 77' lang='lat' dir='ltr'><strong>loe.</strong></span> <span class='ocrx_word' id='word_1_298' title='bbox 440 3907 475 3962; x_wconf 88' lang='lat' dir='ltr'><strong>et</strong></span> <span class='ocrx_word' id='word_1_299' title='bbox 488 3902 634 3964; x_wconf 78' lang='lat' dir='ltr'><strong>maxime</strong></span> <span class='ocrx_word' id='word_1_300' title='bbox 648 3920 726 3984; x_wconf 77' lang='lat' dir='ltr'><strong>pag.</strong></span> <span class='ocrx_word' id='word_1_301' title='bbox 736 3901 812 3966; x_wconf 68' lang='lat' dir='ltr'><strong>sm.</strong></span> 
     </span>
    </p>

    <p class='ocr_par' dir='ltr' id='par_1_8' title="bbox 163 3992 1260 4183">
     <span class='ocr_line' id='line_1_37' title="bbox 215 3992 1259 4085; baseline 0 -25"><span class='ocrx_word' id='word_1_302' title='bbox 215 4010 269 4060; x_wconf 83' lang='grc' dir='ltr'><strong>ιν.</strong></span> <span class='ocrx_word' id='word_1_303' title='bbox 292 3992 385 4058; x_wconf 76' lang='lat' dir='ltr'><strong>Nm</strong></span> <span class='ocrx_word' id='word_1_304' title='bbox 414 3999 497 4078; x_wconf 85' lang='lat' dir='ltr'><strong>quod</strong></span> <span class='ocrx_word' id='word_1_305' title='bbox 523 4001 589 4064; x_wconf 90' lang='lat' dir='ltr'><strong>sub</strong></span> <span class='ocrx_word' id='word_1_306' title='bbox 610 4000 753 4067; x_wconf 75' lang='lat' dir='ltr'><strong>Claudio</strong></span> <span class='ocrx_word' id='word_1_307' title='bbox 778 4001 910 4085; x_wconf 88' lang='lat' dir='ltr'><strong>proprie</strong></span> <span class='ocrx_word' id='word_1_308' title='bbox 931 4000 1102 4064; x_wconf 80' lang='lat' dir='ltr'><strong>inventum</strong></span> <span class='ocrx_word' id='word_1_309' title='bbox 1127 3995 1259 4060; x_wconf 81' lang='lat' dir='ltr'><strong>trudunt</strong></span> 
     </span>
     <span class='ocr_line' id='line_1_38' title="bbox 163 4093 1260 4183; baseline -0.006 -21"><span class='ocrx_word' id='word_1_310' title='bbox 163 4115 270 4183; x_wconf 83' lang='lat' dir='ltr'><strong>quem</strong></span> <span class='ocrx_word' id='word_1_311' title='bbox 298 4095 480 4180; x_wconf 81' lang='lat' dir='ltr'><strong>Septimius</strong></span> <span class='ocrx_word' id='word_1_312' title='bbox 500 4101 566 4165; x_wconf 89' lang='lat' dir='ltr'><strong>sub</strong></span> <span class='ocrx_word' id='word_1_313' title='bbox 598 4099 731 4165; x_wconf 83' lang='lat' dir='ltr'><strong>Nerone</strong></span> <span class='ocrx_word' id='word_1_314' title='bbox 759 4101 820 4175; x_wconf 85' lang='lat' dir='ltr'><strong>eit,</strong></span> <span class='ocrx_word' id='word_1_315' title='bbox 846 4100 882 4163; x_wconf 94' lang='lat' dir='ltr'><strong>id</strong></span> <span class='ocrx_word' id='word_1_316' title='bbox 904 4105 1015 4162; x_wconf 83' lang='lat' dir='ltr'><strong>ortum</strong></span> <span class='ocrx_word' id='word_1_317' title='bbox 1035 4114 1082 4159; x_wconf 83' lang='lat' dir='ltr'><strong>ex</strong></span> <span class='ocrx_word' id='word_1_318' title='bbox 1103 4112 1156 4170; x_wconf 87' lang='lat' dir='ltr'><strong>eo,</strong></span> <span class='ocrx_word' id='word_1_319' title='bbox 1171 4093 1260 4172; x_wconf 90' lang='lat' dir='ltr'><strong>quod</strong></span> 
     </span>
    </p>
   </div>
   <div class='ocr_carea' id='block_1_6' title="bbox 0 0 1523 4978">
    <p class='ocr_par' dir='ltr' id='par_1_9' title="bbox 0 0 1523 4978">
     <span class='ocr_line' id='line_1_39' title="bbox 0 0 1523 4978; baseline 0 0"><span class='ocrx_word' id='word_1_320' title='bbox 0 0 1523 4978; x_wconf 95' lang='lat' dir='ltr'><strong> </strong></span> 
     </span>
    </p>
   </div>
  </div>
 </body>
</html>
