3010 4978
316 392 363 464 ιιι
579 378 663 473 ιιι.
683 404 876 460 ιιιιιιιοιιιι
900 402 1148 459 nrsssrtrtrro

318 568 391 631 ιιιιιι
404 567 486 642 erat,
499 552 542 626 ad
565 570 670 627 naves
692 559 854 626 ιοιιιιιιιι’
891 556 978 627 Vide
999 552 1108 627 ethic
1128 550 1405 626 SanctMinerr

317 680 362 728 11.
372 661 407 726 9.
420 665 545 745 atquae
557 676 620 744 ege
634 661 736 726 isthic
750 656 875 727 notari.
960 673 975 697 ·

361 778 413 828 vr.
425 763 460 833 3.
479 761 1034 846 ‘Hnjasmedinuminearrnatua’
1046 763 1184 839 honest,
1198 756 1257 826 illo
1272 717 1405 826 dracnln

289 863 291 867 ’
317 862 530 937 confirmatus
540 864 584 928 ad
599 862 784 928 audendum
797 862 936 947 aliquid.
980 864 1038 929 Sic
1053 860 1150 928 Gom
1160 861 1274 946 Nep'
1263 881 1297 926 ιιι
1313 862 1408 927 Han·

225 978 228 983 ’
317 964 494 1030 aib.10.‘
509 963 628 1046 Neque
649 963 742 1028 aliud
756 963 936 1048 quicquam
951 964 1032 1046 egit,
1048 980 1151 1046 qnam
1172 976 1284 1043 regern
1300 976 1408 1025 arma·

317 1065 369 1131 vit
388 1066 424 1130 et
443 1064 605 1129 excitavit
624 1063 789 1130 adversus
811 1061 1010 1130 Romanas!
1052 1061 1126 1128 cic.
1147 1062 1243 1131 Fam.
1266 1078 1337 1129 ιιι.
1356 1063 1410 1127 23.

319 1161 564 1248 ‘Philosophia
588 1183 643 1229 me
663 1170 781 1251 centm
800 1183 918 1230 ornnes
945 1164 1085 1230 fortuna
1106 1164 1252 1247 impetus
1281 1161 1410 1229 armat?

319 1263 408 1332 Plin.
424 1264 551 1347 Paneg.
572 1264 627 1329 12.
649 1269 660 1300 ‘
677 1266 773 1332 Ferae
788 1271 902 1349 gentes
922 1284 990 1331 non
1004 1265 1080 1331 telis
1098 1262 1218 1349 magis,
1234 1282 1335 1346 qnam
1349 1282 1411 1328 suo

319 1365 420 1444 caela,
439 1382 505 1432 suo
527 1365 649 1444 sidem,
670 1364 856 1432 armantur?
898 1366 1029 1451 Sulpic.
1050 1367 1128 1432 Ser.
1145 1382 1185 1429 rr.
1207 1365 1241 1431 2.
1265 1366 1300 1430 in
1320 1371 1412 1430 extr.

319 1466 380 1532 ‘Si
408 1465 577 1532 huminem
606 1486 718 1533 acrem
747 1467 954 1547 sacerdotali
981 1467 1178 1534 auctoritate
1208 1464 1415 1532 armassent'

320 1566 412 1632 Satis
441 1586 486 1631 ex
505 1567 569 1639 his,
591 1568 627 1633 ni
647 1567 754 1647 fallor,
774 1575 877 1653 patet,
896 1566 985 1635 male
1006 1566 1222 1650 Vindingium
1251 1565 1414 1633 maluisse

318 1666 535 1734 ‘auimatnsl
708 1727 736 1732 ,,

228 1756 236 1764 ’
364 1783 445 1835 xm.
462 1770 530 1835 Sed
543 1768 657 1835 desine
671 1771 780 1854 plara,
794 1784 870 1835 cnm
883 1766 1052 1853 pleraque
1064 1767 1184 1833 breves
1199 1767 1268 1831 illm
1282 1723 1414 1833 notula

319 1868 507 1951 vindingii,
521 1886 597 1955 qum
620 1876 747 1936 tantum
767 1869 835 1953 legi
849 1870 956 1947 aliter,
971 1875 1030 1934 aut
1043 1868 1116 1933 tolli
1135 1867 1291 1933 voculam
1305 1887 1418 1949 quaa

320 1970 409 2047 dam,
420 1969 552 2055 jubent,
566 1972 659 2037 nulla
671 1972 816 2037 nitantur
828 1970 947 2035 idonea
955 1970 1039 2035 satis
1052 1968 1188 2045 ratione,
1201 1987 1298 2052 saepe
1309 1970 1419 2034 etiarn

320 2070 502 2149 declarent,
517 2082 586 2137 ιιοιι
601 2072 685 2137 satis
698 2070 908 2136 intellexisse
921 2084 1000 2133 enm
1021 2067 1164 2134 auctoris
1177 2067 1234 2131 sui
1257 2075 1417 2146 mentem,

319 2173 434 2238 verbis
459 2173 543 2238 nihil
565 2172 640 2239 vitii
664 2171 862 2237 habentibus
885 2186 1092 2252 expressam.
1134 2167 1191 2233 Sic
1207 2183 1252 2231 rr.
1272 2168 1328 2234 22.
1350 2173 1417 2237 ‘an

326 2288 389 2335 ras
419 2268 486 2335 seli
506 2274 675 2353 ignoratis,
698 2276 738 2335 nt
765 2271 894 2335 affectae
923 2270 990 2333 sint
1019 2269 1138 2336 vicina
1166 2276 1268 2352 atque
1295 2266 1415 2336 amicte

320 2370 421 2434 vebis
449 2371 617 2446 civitates,
646 2369 702 2433 vel
731 2386 810 2450 qnae
836 2369 872 2431 in
897 2368 971 2431 dies
992 2369 1135 2433 residuis
1161 2370 1418 2453 praeparentur!

321 2468 450 2533 Sensus
464 2473 517 2532 est
537 2469 758 2534 clarissimus.
802 2467 962 2534 Nondum
982 2469 1073 2533 enim
1095 2489 1212 2537 omues
1233 2478 1323 2535 erant
1337 2488 1416 2535 vas·

321 2576 416 2648 tutae,
429 2567 585 2652 quadam
597 2573 689 2633 erant
709 2573 721 2605 ‘
735 2566 901 2643 residuis:
924 2567 985 2632 sed
1000 2568 1123 2652 quibus
1136 2570 1254 2635 eadem
1268 2572 1420 2637 vastatio

321 2668 530 2733 imminebat.
575 2668 639 2733 Ille
654 2675 766 2733 tamen
779 2668 955 2751 legendnm
971 2680 1087 2735 censet
1100 2666 1111 2706 ‘'
1119 2672 1294 2737 residuos!

365 2784 414 2833 ιι.
430 2768 485 2833 39.
506 2768 616 2835 ‘Dein
644 2768 739 2851 signe
764 2769 845 2834 dato
875 2767 1060 2840 conflixere
1089 2773 1420 2859 aciescompasitee,

325 2869 458 2937 Groecis
473 2885 515 2934 ac
530 2869 670 2952 singulis
691 2889 752 2954 per
772 2871 1050 2951 distributionem,
1064 2872 1203 2958 imperia
1217 2874 1340 2941 ducam
1353 2893 1421 2939 ex-

324 2971 566 3056 sequentibus!
610 2972 666 3038 Itu
678 2972 753 3041 haec
767 2973 1012 3056 distinguenda,
1027 2980 1063 3039 et
1082 2975 1131 3041 ita
1145 2976 1226 3041 nihii
1247 2976 1301 3041 hie
1315 2976 1420 3042 hessia

324 3073 465 3151 tationis
495 3079 658 3157 superest.
699 3075 761 3143 Ille
789 3080 898 3142 tamen
918 3076 985 3157 legi
1006 3076 1080 3142 vult
1099 3075 1324 3144 ‘Graecorum
1345 3079 1420 3143 sina

327 3173 442 3255 gulis!

369 3288 420 3337 ιι.
441 3274 472 3337 1.
495 3273 622 3354 ‘Queis
643 3277 753 3343 anime
779 3280 826 3344 ita
853 3279 1006 3356 haeserat,
1019 3281 1113 3346 nulla
1135 3300 1196 3367 spe
1219 3282 1419 3365 impetrandi

326 3370 516 3452 cadaveris,
546 3375 722 3459 ipsamque
745 3378 928 3455 Priamum,
942 3390 978 3444 ct
1006 3383 1065 3463 qui
1090 3375 1163 3448 cam
1188 3401 1229 3445 eu
1259 3382 1418 3459 fuissent,

325 3471 500 3537 retineri'a
514 3472 667 3539 Graecis!
709 3476 775 3541 Ille
803 3499 895 3557 vere,
922 3476 1040 3563 ‘lega’
1063 3484 1121 3560 ait,
1148 3480 1280 3559 ‘anis
1305 3485 1418 3549 animo

325 3571 505 3636 inheserat
524 3573 616 3637 nulla
640 3593 720 3656 spes
745 3577 964 3661 impetrandi,'
980 3583 1041 3645 dte.
1085 3582 1192 3647 Imma
1220 3586 1302 3665 qnia
1323 3586 1419 3651 nulla

325 3671 412 3754 ipsis
433 3680 504 3740 erat
525 3692 605 3756 spes
631 3674 833 3758 impetrandi
862 3679 1050 3757 cadaveris,
1064 3681 1143 3747 ideo
1166 3685 1275 3749 animo
1297 3702 1417 3750 eorum

327 3771 480 3850 haeserat,
495 3774 665 3839 Priamum
680 3778 810 3844 retineri
822 3794 844 3845 a
857 3780 998 3848 Grecis.
1042 3783 1132 3848 Nam
1144 3779 1235 3868 bned
1250 3788 1298 3852 ait
1312 3790 1420 3870 gemis

328 3878 410 3939 nata
422 3875 553 3957 copula,
574 3877 775 3962 ‘ipsumque
797 3882 911 3964 etqui
932 3901 1010 3947 cnm
1030 3898 1073 3948 eo
1093 3886 1255 3964 fuissent’
1267 3886 1419 3954 Graecis·

328 3984 404 4043 nus
420 3983 474 4041 est
488 3977 614 4041 auctori
628 3986 743 4044 nostro
754 3980 917 4065 frequens.
959 3982 1050 4050 Vide
1063 3974 1164 4071 supra
1178 3991 1197 4074 ι
1212 3990 1263 4053 15.

373 4090 425 4140 tv.
440 4074 493 4143 14.
515 4080 526 4115 ‘
538 4076 623 4142 Cum
645 4078 778 4145 insidiis
800 4089 924 4149 tanturn
945 4086 1126 4168 perfecerit,
1140 4096 1296 4173 quantum
1315 4098 1358 4155 be
1380 4094 1419 4156 in

329 4177 508 4246 certamine
538 4178 676 4246 auderet
704 4181 863 4265 quidem?
905 4184 998 4253 Vult·
1015 4189 1137 4270 dicere,
1164 4193 1200 4256 in
1236 4188 1420 4259 ccrmrnine
