3010 4978
388 635 421 722 J
424 631 634 723 ACOBI
681 631 1036 724 PERIZONII

475 848 951 955 DISSERTATIO

294 1099 372 1175 DE
395 1099 664 1177 HlSTORlA
691 1102 853 1179 BELLI
880 1101 1132 1188 TROJANL

160 1300 283 1381 QUAE
302 1301 513 1369 DICTYOS
529 1302 794 1368 cRa'rENSIS
813 1301 989 1368 NOMEN
1010 1303 1259 1387 PRAEFERT,

619 1477 810 1557 GRAEGA,

341 1646 388 1696 ΕΤ
402 1646 486 1698 ΗΠΒ
502 1646 732 1698 turdarum
747 1645 894 1708 adnm,
909 1642 1092 1708 sm’rltsso,

314 1786 506 1841 HUJUSQUE
527 1787 651 1839 AETATE
676 1786 902 1838 Poulsstaruar
926 1785 975 1837 Ac
995 1786 1116 1838 srvat).

589 1984 841 2000 —

536 2171 635 2231 vrao
663 2170 912 2246 curarssrrw,
1034 2131 1039 2137 ’

345 2312 779 2427 ΟΗῌΒΤΟΡΗΟΒΟ
804 2317 1093 2409 CELLARIO,

167 2475 433 2528 nmoalsautr
450 2478 495 2527 ΕΤ
510 2477 717 2529 nmmum
735 2478 993 2531 nuutmosusr
1009 2481 1051 2532 lu
1065 2480 1264 2533 satnsstcr-

227 2569 304 2621 ΑΝΑ
321 2570 478 2623 itemst
494 2571 686 2623 Acaunum
702 2573 926 2627 Paorassoat
942 2575 1210 2639 manumissum,

638 2701 671 2749 S.
700 2700 733 2748 Ρ.
759 2702 795 2749 Β.

505 2814 604 2882 JAc.
633 2815 944 2882 PERIZONIUS.

172 2936 229 3022 ΙΝ
254 2965 432 3040 augustum
456 2958 585 3040 oppido
613 2965 773 3040 coguntur
807 2954 932 3020 dudum
958 2956 1066 3035 magis
1091 2959 1265 3040 magisque

172 3060 364 3122 communia
378 3058 475 3124 uobis
489 3058 656 3123 literarum
671 3077 782 3143 sacra,
798 3063 838 3119 ut
852 3055 937 3121 adeo
951 3055 1053 3139 pauci
1062 3054 1135 3137 jem
1150 3075 1263 3139 super-

172 3159 244 3221 sint
256 3161 345 3223 casti
356 3179 469 3223 eorum
484 3159 688 3236 sacerdotes,
701 3168 737 3222 et
758 3158 793 3221 hi
808 3157 886 3239 ipsi,
908 3165 947 3221 ut
961 3156 1123 3221 saeculum
1138 3163 1201 3233 est,
1216 3165 1267 3222 ut-

173 3278 242 3342 que
265 3261 301 3323 iu
330 3279 373 3324 eo
396 3260 561 3324 vilescunt
582 3260 695 3324 ubivis
717 3261 816 3323 boner
840 3262 942 3336 artes,
965 3257 1064 3322 edam
1089 3258 1265 3340 pauciores

178 3379 317 3425 numero
332 3359 428 3424 brevi
441 3357 742 3424 videantursuturi:
764 3376 841 3421 uam
855 3357 931 3440 quis
945 3357 1044 3421 facile
1059 3357 1263 3422 laboriosum

183 3477 325 3539 morsus,
339 3460 401 3524 sod
420 3460 487 3525 sibi
501 3459 604 3524 sermo
617 3458 730 3523 inutile
746 3477 787 3522 ac
800 3467 944 3542 spretum
957 3458 1106 3540 publice,
1120 3459 1266 3524 tentabit

185 3554 337 3641 deinceps
349 3559 525 3625 studiumi
547 3561 583 3623 io
596 3566 708 3623 uestra
725 3565 794 3623 tam
814 3557 916 3623 latum
937 3564 1071 3640 patente
1086 3557 1266 3622 Germania

183 3656 264 3739 quis
280 3658 347 3737 jem
367 3679 456 3724 nuno
479 3678 538 3742 per
561 3676 677 3722 omues
690 3675 786 3740 pseue
802 3656 1013 3731 Academias,
1027 3658 1085 3720 ubi
1100 3657 1161 3721 abs
1175 3662 1209 3720 tc
1230 3663 1266 3717 et

178 3756 394 3840 paucissimis
408 3760 485 3824 aliis
500 3757 715 3835 discedimus,
730 3756 846 3822 existit
859 3755 1015 3837 amplius,
1030 3757 1088 3840 qui
1104 3754 1220 3819 sedulo
1234 3761 1267 3816 et

178 3857 274 3920 bone
286 3853 356 3918 tide
368 3857 571 3924 humaniores
583 3858 661 3922 illas
674 3863 801 3922 tueatur
813 3856 943 3933 literas,
955 3863 989 3920 et
1008 3854 1173 3937 fugientes
1187 3853 1266 3917 inde

179 3955 309 4020 Musas
331 3960 450 4021 morari
471 3958 609 4035 studeat,
623 3976 665 4022 ac
686 3957 857 4042 pristinam
880 3955 1017 4031 retinere
1041 3953 1185 4036 autiquae
1208 3952 1267 4014 do-

176 4074 259 4121 mus
270 4055 413 4137 gloriam
426 4057 442 4119 t
464 4057 591 4123 Ploruit
603 4057 676 4134 ills,
689 4076 764 4122 cum
779 4055 953 4137 Agricolas
965 4053 1116 4129 haberet,
1132 4050 1268 4115 Rhena-
