3144 4982
297 391 342 455 84
730 407 818 456 uun.
841 369 952 454 surus

298 552 464 619 littorales
479 552 513 616 in
528 551 658 617 Troade
671 553 768 617 Caici
784 554 966 635 tangebant
982 551 1095 635 ostia)
1111 571 1198 616 uxor
1213 550 1380 631 Hectoris,

299 655 356 718 cui
369 652 498 735 peperit
512 651 727 734 Astyanacta.
771 652 876 717 Hom·
891 652 934 717 ll.
950 658 972 722 i.
1017 652 1168 716 Hectore
1182 670 1260 715 roro
1281 653 1382 717 inter-

298 763 387 821 emto
401 764 437 820 et
450 755 553 838 Troja
571 760 682 839 capta,
699 755 848 840 Pyrrhus
869 774 943 820 eam
966 757 999 818 in
1014 753 1181 820 Graeciam
1204 753 1329 830 avexit,
1349 758 1383 818 et

297 877 338 922 ea
367 856 555 921 Molossum
578 858 737 939 suscepit
795 854 864 933 Qui
897 863 1006 920 tamen
1034 862 1157 939 postea
1182 853 1388 917 Hermiones-

297 976 446 1022 amorem
474 965 626 1040 captans,
652 975 724 1021 eam
755 955 898 1032 Heleno,
928 955 1053 1019 Priami
1083 954 1173 1036 regis
1198 952 1280 1029 tilio,
1308 971 1382 1016 cnm

296 1062 391 1139 porte
404 1058 496 1139 regni
518 1056 617 1121 dedit.
639 1054 731 1138 Virg.
748 1072 804 1118 ιιι.
818 1055 897 1118 AEn.
908 1053 983 1118 295.
997 1054 1143 1118 Pausan.
1158 1053 1194 1116 in
1207 1050 1311 1117 Attio.

339 1156 494 1220 Amorem
519 1157 555 1220 in
581 1174 625 1219 ea
639 1154 860 1238 ,conjugalem
883 1153 1002 1217 laudat
1028 1151 1185 1228 Ovidius,
1209 1167 1233 1214 ι.
1255 1149 1333 1218 Am.
1347 1151 1381 1215 9.

296 1256 377 1337 cleg.
388 1256 480 1320 hisce
492 1244 624 1321 verbis:

339 1354 472 1421 Hector
486 1358 529 1421 ab
543 1354 794 1421 Andromaches
809 1354 1042 1439 complexibus
1060 1353 1134 1417 ibat
1147 1352 1183 1416 in
1197 1352 1310 1429 armis,

382 1454 428 1519 Et
440 1458 567 1537 galeam
584 1456 699 1539 copiti,
714 1476 791 1539 quoe
808 1455 911 1532 daret,
926 1474 1012 1518 uxor
1025 1460 1106 1517 erat.

340 1553 466 1620 Verum
502 1561 534 1620 et
568 1556 640 1640 ejus
675 1556 711 1617 in
737 1555 877 1618 adversa
904 1553 1035 1616 senuna
1062 1550 1285 1615 constantiam
1316 1548 1382 1613 alii.

299 1654 437 1738 Quippe
451 1675 515 1719 nou
527 1662 653 1719 tantum
669 1654 776 1718 mariti
802 1654 890 1718 luxit
909 1657 1049 1715 mortem
1074 1655 1106 1713 et
1128 1649 1243 1731 Troiae
1257 1648 1384 1714 flebiles

298 1756 431 1839 aspexit
451 1756 577 1832 ruinas,
602 1754 661 1820 sed
691 1761 727 1819 et
757 1755 828 1830 filii,
855 1753 897 1816 de
918 1760 1004 1815 turre
1026 1749 1239 1833 praecipitati,
1272 1747 1385 1813 lacera

298 1857 443 1921 membra
457 1856 611 1938 colligere
626 1855 691 1920 tuit
711 1861 839 1919 coacta
882 1850 1047 1915 Videatur
1068 1848 1206 1925 Seneca,
1220 1847 1256 1912 in
1269 1846 1384 1911 diviua

297 1954 595 2120 TrAarllrl'romacbes
620 2062 729 2118 autem
754 2053 875 2117 taciem
899 2055 1009 2115 serrat
1030 2046 1254 2115 Chaoniorum
1276 2042 1385 2109 Num·

301 2173 377 2218 mus
393 2155 527 2237 elegans
541 2154 630 2239 apud
645 2152 828 2230 Goltzium,
844 2150 955 2216 Graec.
971 2136 1172 2211 i11.'l’ab.9.

497 2380 652 2447 XXIII.
695 2374 1190 2453 AJAX,TELAMON1US.

691 2507 770 2571 Lm.
785 2521 821 2607 r.
844 2504 933 2569 Car.
948 2507 1001 2570 15.

299 2641 367 2706 ‘At
380 2642 465 2705 lucis
481 2614 644 2725 principio
659 2636 800 2721 Ajacem
815 2636 849 2699 in
868 2635 979 2699 medio
994 2636 1180 2701 exanimem
1196 2633 1381 2715 offenduut3

340 2742 627 2825 perquirentesque
643 2739 761 2802 mortis
776 2755 894 2817 genus,
909 2736 1172 2802 animadvertere
1185 2734 1271 2799 ferro
1287 2735 1385 2799 inter-

341 2840 491 2906 sectum?

341 2958 462 3032 Atax,
478 2955 567 3018 filius
580 2953 777 3018 Telamonis
799 2957 834 3016 et
847 2951 1026 3030 Hesiones,
1042 2971 1118 3037 quae
1139 2951 1228 3032 regis
1242 2949 1383 3014 Laome·

300 3057 414 3122 dontis
429 3055 508 3118 filia.
541 3053 640 3118 ovid.
652 3053 793 3119 Metam.
806 3068 845 3115 ιι.
856 3054 932 3117 217.
954 3052 1149 3117 Graecorum
1160 3049 1382 3115 fortissimus:

299 3157 482 3243 etquidem
507 3153 771 3232 invulnerabilis,
785 3158 1004 3236 praeterquam
1029 3153 1065 3215 in
1085 3151 1216 3216 cervice
1234 3158 1269 3214 et
1285 3150 1318 3213 in
1332 3147 1383 3213 la·
1410 3230 1413 3235 Ι

300 3267 380 3320 tere.
424 3253 558 3337 Quippe
565 3253 632 3338 (sic
647 3255 768 3318 saltem
779 3244 827 3318 ¹ad
848 3253 1015 3336 Lycophr.
1030 3249 1187 3335 Tzetaes)
1201 3270 1275 3315 cum
1292 3248 1383 3312 Her·

300 3353 394 3416 cules
422 3352 599 3435 aliquando
624 3353 794 3418 Salamiua
815 3352 943 3428 adiens,
970 3351 1184 3416 Telamonem
1213 3348 1383 3424 inviseret,

297 3450 345 3514 ibi
358 3450 470 3533 Ajaci,
492 3451 600 3514 adhuc
628 3458 752 3527 tenero,
767 3451 882 3533 injecit
895 3447 1005 3526 narie
1022 3469 1128 3527 suam,
1143 3455 1316 3532 precatus,
1331 3454 1382 3523 ut,

176 3542 179 3548 ’
300 3567 369 3632 qna
394 3554 567 3629 tegeretur,
591 3547 837 3611 invulnerabilis
865 3548 957 3613 tieret
985 3550 1152 3633 puerulus.
1196 3546 1295 3626 Ergo,
1317 3567 1383 3631 qua

298 3666 364 3712 non
378 3648 559 3726 tegebatur,
573 3642 664 3728 Ajax
687 3645 799 3711 factus
814 3649 1038 3713 vulnerabilis.
1081 3645 1216 3710 Achille
1241 3654 1381 3721 mortno,

299 3754 335 3814 ut
356 3746 530 3830 proximus
554 3745 672 3823 haeres,
701 3746 775 3828 ejus
797 3767 889 3812 arma
911 3749 1029 3831 petiit3
1051 3766 1162 3811 verum
1185 3745 1381 3811 Graecorum

299 3865 466 3932 proceres,
485 3845 679 3928 eloquentia
707 3849 800 3926 moti,
823 3848 897 3911 haec
919 3846 1036 3928 Ulyssi
1058 3847 1230 3912 tradidere.
1275 3843 1382 3921 Unde,

299 3968 370 4033 prae
392 3947 495 4011 nimia
517 3946 568 4009 ira
591 3946 772 4024 insaniens,
791 3948 826 4010 in
851 3966 976 4031 pecora
998 3948 1224 4032 limitesque
1245 3944 1381 4021 occidit,

299 4047 436 4112 Atridas
462 4050 562 4127 atque
585 4044 742 4129 Ulyssem
770 4064 847 4109 sese
869 4044 1052 4111 interimere
1066 4047 1211 4111 eredens.
1253 4042 1380 4107 Verum

299 4149 342 4217 ad
356 4148 475 4214 mentis
498 4146 674 4213 sanitatem
689 4146 819 4212 rediens
841 4163 877 4211 et
898 4165 1038 4213 errorem
1052 4162 1247 4231 agnoscens,
1267 4142 1380 4223 gladio
