3010 4978
294 416 338 482 38
550 434 631 482 sao.
654 436 847 483 rnnrzourr
873 436 1120 487 nrsssnrlrro

295 586 363 640 tom
379 573 570 637 Memnonis
592 574 713 638 collum
739 575 837 638 hasta
856 577 1038 659 trajecisse,
1060 586 1096 641 ct
1119 580 1166 641 ita
1187 597 1264 643 eum
1286 581 1366 642 occi·

293 674 405 738 disse:
427 673 512 736 Eum
535 674 647 755 ipsum
662 674 738 736 dein
759 676 882 738 vicisse
897 676 1007 739 denno
1022 676 1196 758 Trojanos,
1210 684 1243 741 ct
1257 684 1368 759 captos

294 772 418 836 Priami
444 772 544 850 lilios,
571 774 717 837 Troilum
741 782 776 837 et
806 775 1005 857 Lycaonem,
1025 777 1210 858 jugulasse:
1232 779 1369 859 denique

293 891 366 936 cnm
381 872 524 937 induciae
545 881 657 936 essent
677 879 811 955 propter
832 875 969 939 solenne
992 875 1182 958 Thymbraei
1194 875 1370 960 Apollinis,

293 978 327 1034 et
339 971 384 1034 ab
398 974 546 1055 utrisque
561 992 661 1037 sacra
675 974 789 1037 fierent
803 974 835 1037 in
856 976 928 1057 ejus
950 975 1027 1039 luco
1049 983 1141 1041 extra
1157 977 1268 1052 Ilium,
1282 977 1371 1040 Pria·

292 1088 382 1133 mum
409 1072 541 1135 misisse
563 1074 692 1137 Idaeum
716 1075 759 1137 ad
781 1073 947 1139 Achillem
976 1078 1017 1139 de
1038 1077 1213 1161 Polyxena
1231 1079 1299 1162 ipsi
1320 1077 1372 1140 de·

294 1170 500 1251 spondendo,
508 1170 672 1237 Achillem
689 1188 767 1237 vero
777 1177 957 1257 separatim
971 1196 1044 1240 crim
1058 1177 1150 1242 Idaeo
1162 1180 1372 1247 collocutum,

291 1268 391 1351 idque
406 1269 546 1336 Graecos
557 1274 694 1354 sequius
709 1277 902 1357 accepisse:
926 1277 1010 1341 Mox
1022 1276 1207 1343 accessisse
1221 1280 1372 1345 Paridem

292 1373 326 1431 et
348 1369 569 1451 Deiphobum,
590 1392 730 1455 qnorum
756 1374 814 1438 illo
829 1373 1003 1456 Achillem,
1026 1399 1121 1462 quem
1144 1380 1200 1445 hic
1222 1401 1282 1463 per
1301 1399 1373 1463 spe-

292 1467 377 1531 ciem
394 1471 550 1536 amicitiae
578 1475 774 1555 complexus
789 1477 935 1554 tenebat,
950 1479 1037 1561 apud
1059 1500 1149 1544 eram
1172 1484 1282 1564 gladio
1297 1501 1374 1546 con·

292 1565 432 1631 foderit:
455 1589 521 1650 quo
542 1569 634 1634 facto
656 1571 734 1634 illos
757 1573 824 1637 alin
842 1576 909 1651 via,
924 1596 1023 1658 quam
1040 1599 1107 1661 qua
1122 1591 1286 1659 venerant,
1300 1582 1374 1645 luco

292 1684 452 1745 egressos,
477 1687 573 1732 cursu
594 1671 802 1735 contendisse
828 1674 949 1739 Ilium:
971 1675 1111 1759 Ajacem
1133 1702 1214 1747 vero
1239 1684 1375 1746 Diome·

295 1763 373 1827 dem
394 1772 428 1831 et
442 1767 616 1849 Ulyssem,
636 1771 695 1851 qui
714 1779 811 1834 extra
831 1772 944 1837 lucum
965 1780 1187 1857 expectabant
1200 1782 1377 1858 Achillem,

277 1881 367 1926 >cnm
398 1885 440 1929 eo
457 1868 578 1945 acturi,
600 1888 676 1932 cum
697 1870 776 1934 illos
807 1872 1012 1953 aufugientes
1033 1896 1077 1940 ex
1102 1878 1179 1943 luco
1203 1882 1375 1958 vidissent,

257 2029 262 2038 ,
293 1966 488 2042 accurrisse,
517 1972 553 2030 et
572 1968 743 2032 invenisse
769 1971 844 2035 istic
870 1972 1036 2039 Achillem
1058 1978 1203 2043 letaliter
1228 1982 1376 2045 vulnera-

292 2069 382 2127 tum:
404 2064 533 2129 dixisse
557 2075 636 2131 tnnc
661 2068 811 2152 Ajacem,
833 2072 935 2136 ‘Fuit
955 2077 1181 2144 confirmatum
1203 2101 1244 2145 ac
1265 2100 1376 2145 verum

292 2180 352 2241 per
373 2169 542 2245 mortales,
565 2169 690 2232 nullum
712 2169 883 2234 hominnm
904 2175 1059 2251 existere,
1073 2179 1131 2257 qui
1154 2188 1187 2241 te
1213 2200 1294 2245 vera
1312 2182 1377 2245 vir·

293 2266 367 2323 tute
381 2274 564 2345 superaret,
579 2268 640 2329 sed
662 2269 710 2331 nti
734 2271 844 2349 palam
860 2277 923 2346 est,
947 2280 1005 2336 tun
1027 2280 1059 2337 te
1075 2276 1263 2342 inconsulta
1274 2287 1376 2344 teme-

292 2356 372 2417 ritas
396 2360 565 2438 prodidit!
605 2361 685 2436 Vel,
710 2366 739 2425 si
764 2367 930 2430 malumus
955 2368 1028 2435 haec
1055 2372 1174 2441 Graece
1199 2380 1301 2457 legere
1331 2398 1374 2443 ex

292 2452 430 2532 Malaia,
445 2457 505 2517 Ἦν
526 2458 584 2541 ἄρα
606 2458 725 2536 ἀληθῶς,
740 2459 817 2535 ὅστις
841 2464 986 2552 ἀνθρώπων
1000 2472 1165 2547 (dicuntur
1185 2479 1258 2544 haec
1280 2481 1375 2563 quasi

291 2571 353 2635 per
366 2555 668 2636 interrogationem,
684 2559 783 2625 ‘Fuit
796 2582 873 2644 ergo
890 2586 964 2631 vere
973 2570 1094 2653 aliquis
1108 2575 1289 2659 hominum,
1300 2581 1376 2663 qui,’

292 2653 352 2716 &a
363 2653 393 2730 i)
413 2651 527 2729 ἠδύνατο
548 2654 653 2718 κτεῖναί
667 2682 701 2718 σε
715 2662 793 2745 ἀλκῇ
807 2662 970 2752 διαφέροντα
983 2668 1110 2753 aaaron
1132 2676 1216 2739 Ἀλλ’
1230 2685 1245 2754 ἡ
1260 2684 1298 2759 σὴ
1312 2703 1378 2764 προ·

292 2748 388 2813 πέτιια
409 2750 543 2815 &emi
562 2776 613 2818 rr:
658 2757 898 2842 Respondente
919 2767 1067 2849 Achille,
1095 2776 1193 2841 ‘dolo
1207 2799 1259 2843 me
1277 2788 1376 2864 etque

292 2850 424 2915 insidiis
441 2853 641 2936 Deiphobus
667 2863 767 2939 atque
783 2860 972 2930 Alexander
988 2869 1172 2955 Polyxenus
1188 2882 1296 2959 gratia
1315 2883 1377 2946 cir·

292 2952 509 3017 cumvenere!
524 2950 608 3039 Δὸλῳ
619 2956 788 3042 εἰργάσαντό
797 2988 834 3043 με
842 2964 934 3051 Πάρις
944 2969 992 3031 καὶ
1003 2971 1145 3053 Δηΐφοβος
1155 2979 1200 3040 tul
1211 2981 1377 3060 Πολυξένην.

294 3049 380 3129 Quae
411 3051 548 3118 Maleloe
570 3058 673 3122 verba
694 3068 815 3128 temero
837 3066 988 3134 solicitat
1009 3074 1083 3155 ejus
1104 3078 1222 3157 editor,
1244 3083 1376 3167 legens:

292 3151 383 3215 Δόλων
401 3150 572 3236 εἰργάσαντό
587 3180 634 3233 με.
678 3158 767 3224 Nam
788 3166 902 3230 eadem
918 3171 1015 3251 plane
1033 3174 1132 3242 habet
1147 3182 1332 3264 Cedrenns,
1345 3191 1378 3250 et

291 3252 397 3330 magis
413 3254 610 3315 conveniunt
626 3273 699 3318 cum
715 3270 830 3327 nostro
845 3266 1022 3347 Septimio.
1067 3275 1253 3347 Posnerunt
1268 3293 1377 3351 autern

290 3346 354 3421 illi,
370 3354 406 3409 ut
420 3348 535 3428 ltquet,
550 3350 718 3433 εἰργάσαντο
740 3379 802 3441 pro
817 3364 1025 3449 διιιργᾶσαντο,
1040 3373 1103 3440 hoc
1118 3388 1181 3455 est,
1199 3386 1378 3449 ‘confece-

290 3451 377 3519 runt,
400 3446 661 3516 interfecerunt!
703 3456 792 3523 Haec
817 3482 894 3545 ergo
916 3472 1027 3534 ornnia
1041 3480 1137 3539 tanto
1153 3496 1329 3553 consensu,
1344 3492 1377 3549 et

289 3564 396 3612 rerum
408 3563 429 3608 a
440 3552 608 3614 communi
618 3560 781 3623 sententia
802 3582 896 3647 saepe
908 3569 1164 3652 abhorrentium,
1177 3584 1210 3640 et
1224 3579 1376 3664 aliquan.

290 3644 335 3706 do
349 3645 452 3709 etiam
471 3649 616 3728 ipsarum
630 3652 848 3742 locutionum,
860 3669 978 3732 eodem
992 3692 1123 3754 prorsus
1135 3677 1259 3755 ordine,
1279 3704 1373 3768 repe-

290 3745 356 3807 ries
376 3745 468 3827 apud
484 3746 659 3830 Nostrum,
676 3772 731 3819 111.
754 3770 788 3825 et
810 3780 859 3828 ιν.
881 3771 938 3852 qni
964 3777 1070 3834 tamen
1093 3780 1128 3838 et
1149 3778 1216 3842 alia
1239 3785 1373 3849 minoris

288 3844 393 3924 paulo
415 3850 580 3926 momenti,
596 3870 637 3916 ac
659 3857 767 3921 minus
793 3863 974 3945 Historica,
998 3872 1135 3938 subinde
1155 3883 1313 3962 aspergit,
1341 3893 1374 3947 et

288 3941 361 4006 haec
376 3945 451 4025 ipsa
465 3944 659 4032 plerumque
673 3956 821 4037 pluribus
841 3965 1014 4047 aliquanto
1029 3975 1139 4039 verbis
1162 3984 1370 4063 exsequitur:

290 4048 326 4104 et
339 4043 430 4124 epod
444 4044 605 4110 Malelam
620 4054 654 4114 in
669 4055 790 4121 Teucri
803 4061 992 4132 Telamonii
1004 4077 1192 4141 narratione
1207 4098 1314 4144 rerum
1327 4083 1371 4146 ab

288 4139 421 4208 Achille
443 4146 659 4229 potissimum
685 4164 851 4236 gestamm
877 4166 920 4230 ad
945 4168 1105 4253 Pyrrhum
1134 4177 1233 4259 hujus
1256 4180 1371 4258 filium,
