3010 4978
369 316 418 365 ΠΕ
442 309 620 361 ΗΙΒΊὈΒΙΑ
649 306 757 353 Bthi
781 304 957 353 mossur.
1158 290 1202 352 45

107 462 242 537 Graeci,
257 460 378 542 qnippe
387 475 476 539 qnos
485 455 571 516 inter
584 468 680 513 rarus
694 448 826 512 omnino
839 455 913 511 erat
926 447 1096 511 literarum
1111 468 1201 514 usus.

107 562 327 642 Aeoeperunt
347 575 406 619 eas
427 571 473 617 ex
496 550 680 620 Phoenicia,
707 566 791 629 quas
814 551 927 610 auctor
955 546 1103 611 Punicas
1124 549 1202 614 ideo

111 661 212 732 dicit,
229 664 262 721 et
274 667 397 740 praeter
411 670 497 735 quas
521 649 628 712 nullas
649 647 698 710 illi
714 647 802 710 alins
820 646 987 711 habebant
1001 653 1060 711 eut
1075 658 1203 713 norant.

114 758 290 836 Quocirca
311 753 393 836 quid
418 768 506 831 opus
526 755 596 812 erat
619 748 672 811 sui
696 747 858 829 temporis
883 746 1044 823 homines,
1061 767 1203 829 qnorum

113 865 234 923 tamen
249 856 339 917 ratio
353 851 496 915 maxime
511 849 647 912 hahetur
658 866 680 910 a
694 847 935 929 scriptoribus,
951 867 1095 926 monae,
1110 870 1147 917 se
1164 854 1208 918 iis

113 958 229 1023 literis
245 974 354 1028 usum,
366 970 440 1034 qnae
450 950 530 1014 solae
545 955 621 1011 tunc
637 948 804 1012 illiserunt
817 949 931 1011 notat
976 949 1098 1015 Nonne
1112 954 1206 1037 inep-

118 1066 182 1121 tus
196 1061 286 1119 esset
298 1051 406 1127 hodie,
421 1049 479 1132 qui
494 1049 630 1111 doceret
643 1047 799 1123 lectores,
826 1065 864 1109 se
886 1046 1002 1110 librum
1017 1068 1114 1115 snum
1136 1054 1208 1117 edi·

118 1158 225 1233 disse,
239 1162 309 1218 arte
323 1147 566 1235 typographica
575 1165 750 1222 excusum,
764 1164 841 1228 quae
855 1145 989 1212 inventa
999 1151 1044 1213 sit
1057 1158 1134 1218 ante
1144 1155 1210 1219 hos

116 1257 285 1321 ducentos
299 1261 334 1316 et
348 1248 588 1334 quinquaginta
600 1246 702 1309 ferme
711 1247 845 1309 annosi
889 1248 955 1311 Sed
970 1251 1066 1328 satie,
1080 1256 1208 1335 opinor,
1224 1290 1227 1295 <

119 1363 216 1439 patet
225 1354 378 1428 cuilibet,
387 1348 545 1413 inculcari
553 1342 838 1428 haecnonTrojani
847 1348 1006 1428 temporis
1014 1350 1211 1433 horninibus,

122 1456 181 1519 sed
192 1455 277 1530 illis,
287 1454 347 1535 qui
357 1451 470 1516 multis
481 1447 616 1510 saeculis
630 1456 712 1527 post
723 1446 880 1508 vixerunt
890 1453 1038 1529 tempore
1054 1450 1088 1514 N
1089 1455 1211 1532 enanis,

123 1563 164 1618 ut
172 1555 305 1619 scilieet
314 1554 472 1616 rationem
481 1546 649 1631 quandam
657 1547 824 1623 haberent,
835 1565 940 1628 quare
948 1546 1021 1613 haee
1031 1551 1169 1618 historia
1179 1557 1214 1619 in

125 1653 237 1719 lucem
262 1660 341 1717 tune
358 1649 527 1735 prodiens,
542 1666 691 1711 memmae
706 1645 804 1709 fuerit
819 1644 944 1711 Graeco
960 1650 1157 1733 composita,
1180 1660 1214 1719 et

126 1760 237 1819 tamen
260 1752 398 1818 Punicis
419 1750 537 1825 literis,
558 1766 636 1830 qnoe
660 1751 738 1810 tnnc
764 1745 906 1809 multum
929 1746 1073 1813 diversae
1087 1758 1180 1816 erant
1193 1773 1216 1818 a

128 1852 273 1929 Graecis,
292 1852 429 1933 scripta
472 1849 527 1912 De
553 1844 748 1911 ‘Sermone'
777 1863 854 1908 vero
880 1847 970 1926 qnod
992 1849 1048 1926 ait,
1071 1858 1217 1917 snmtnnr

129 1954 164 2017 id
179 1969 234 2017 est
249 1972 297 2015 ex
312 1950 464 2014 Homero
480 1948 604 2031 odyss.
620 1956 655 2011 Τ.
668 1948 744 2010 175.
760 1947 819 2010 nbi
833 1947 875 2010 de
889 1946 1000 2012 Cretae
1014 1950 1134 2015 incolis
1156 1955 1218 2029 ait,

126 2050 228 2124 'Anae
253 2051 274 2109 δ’
290 2050 525 2128 impanare
538 2044 706 2127 μιμγμένη,
717 2049 728 2078 ‘
738 2045 806 2108 alia
817 2046 953 2111 aliorum
968 2056 1023 2112 est
1044 2048 1159 2131 lingua
1170 2051 1220 2114 in·

136 2159 192 2213 ter
214 2166 253 2210 se
280 2144 467 2227 permixta?
508 2142 633 2206 Verum
653 2142 725 2206 hren
750 2142 792 2206 de
811 2144 1117 2230 Dialectisexiguae
1130 2169 1221 2232 pror-

137 2268 198 2313 sus
210 2246 447 2326 discrepantiae
460 2245 495 2307 in
507 2244 766 2326 pronunciando,
778 2245 888 2327 qualis
901 2249 1001 2313 etiam
1017 2250 1116 2315 hodie
1134 2254 1222 2317 inter

133 2348 316 2434 proximas
331 2345 425 2409 onim
444 2344 563 2409 Gentis
579 2343 675 2408 nrbes
688 2345 882 2429 plerumque
896 2349 1067 2430 reperitur,
1080 2359 1157 2416 snut
1170 2353 1221 2416 in-

133 2447 327 2531 telligenda,
351 2449 388 2509 nt
410 2446 486 2527 ipsa
505 2452 624 2510 censet
652 2445 859 2511 Eustathius.
905 2448 1112 2534 Nentiquarn
1142 2473 1224 2535 ergo

135 2548 302 2614 dehebant
318 2543 430 2610 Grani
450 2551 624 2628 propterea
638 2546 706 2609 diei
728 2546 889 2611 ‘diverso
911 2548 994 2612 inter
1015 2568 1052 2612 se
1073 2571 1224 2616 sermone

133 2650 255 2731 κενοί
272 2654 333 2710 aut
346 2644 512 2710 haesitatio
525 2644 650 2708 oboriri
664 2645 789 2709 homini
810 2647 909 2711 istius
928 2650 1085 2730 temporis
1097 2652 1224 2733 aliquid

134 2748 275 2833 publica
300 2746 474 2828 scripturo,
495 2745 625 2829 qualem
646 2747 776 2828 praefert
795 2754 911 2811 noster
934 2747 994 2809 lib.
1010 2765 1043 2809 v.
1058 2750 1109 2813 17.
1125 2770 1225 2814 usum

134 2869 175 2914 se
191 2847 372 2911 ‘Oratione
388 2843 446 2908 ea'
459 2850 610 2921 testatus,
627 2850 745 2928 ‘quarn
761 2845 909 2911 maxime
920 2844 1085 2909 intertum
1096 2849 1226 2912 diversa

136 2946 300 3031 loquendi
314 2964 434 3028 genera
444 2947 602 3029 oonsequi
618 2964 658 3009 ae
679 2941 956 3025 comprehendere
971 2943 1138 3022 potuerit:
1154 2965 1229 3007 cunr

134 3051 257 3131 ntique
272 3064 317 3109 ex
335 3046 424 3109 omni
438 3044 573 3110 Graeeia
587 3045 743 3108 homines
757 3049 837 3106 tune
859 3040 980 3104 inerint
994 3039 1052 3103 diu
1074 3041 1109 3105 in
1131 3060 1231 3104 unam

138 3146 395 3231 expeditionem
411 3144 594 3227 conjuncti,
609 3148 645 3206 et
658 3141 744 3205 alter
758 3141 896 3205 alterum
910 3140 1071 3206 facillime
1083 3141 1232 3205 intellex-
1277 3158 1279 3161 ·

18 3334 19 3337 Ἴ
141 3249 239 3331 erint,
254 3251 291 3309 nt
307 3245 459 3309 homines
481 3244 578 3308 unius
604 3243 726 3323 linguae
748 3241 866 3306 solent
910 3243 1029 3323 Longe
1047 3242 1154 3327 major
1166 3242 1232 3307 snit

146 3344 369 3428 discrepantia
390 3343 591 3407 elocutionis
616 3342 759 3419 Graecoe,
774 3343 806 3405 in
835 3344 944 3406 varias
967 3351 1045 3409 tune
1069 3344 1231 3409 disiectos

148 3445 324 3521 distinctae,
345 3442 482 3527 qnando
503 3443 617 3508 Graeci
638 3442 707 3526 jam
731 3449 823 3509 erant
841 3444 951 3527 sparsi
972 3463 1036 3509 non
1056 3465 1117 3527 per
1130 3452 1232 3509 totam

149 3541 256 3608 modo
269 3543 447 3620 Graeciam,
461 3544 498 3606 in
510 3544 695 3607 latissimos
709 3543 837 3607 tandem
852 3544 934 3608 fines
944 3544 1108 3622 diffusam,
1121 3546 1180 3608 sed
1199 3549 1235 3609 et

148 3647 184 3709 in
207 3639 324 3707 Asiam
339 3644 509 3721 minorem,
523 3644 559 3707 in
570 3642 714 3721 ltaliam,
728 3650 762 3708 et
773 3643 933 3708 Siciliam.
978 3644 1099 3728 Neque
1118 3652 1231 3708 tamen

147 3749 202 3813 ita
218 3750 299 3805 tnnc
322 3741 488 3807 haentaut
512 3742 720 3820 Herodotus,
750 3744 921 3808 historiam
954 3763 1048 3808 suern
1075 3746 1235 3819 editurus,

150 3842 278 3912 Ionica
293 3837 376 3901 iicet
389 3841 530 3909 dhieeto
542 3850 687 3908 uteretur
700 3844 782 3909 inter
797 3844 1013 3908 Athenienses
1027 3853 1062 3908 et
1082 3844 1237 3907 'lhnrios

149 3944 223 4013 Sed
248 3937 345 4005 hand
367 3937 466 4005 dubie
479 3944 643 4010 affectavit
661 3944 783 4030 Dictys
801 3952 913 4010 noster
926 3945 1092 4010 obsoletas
1107 3951 1141 4007 et
1154 3944 1237 4008 anti·

148 4050 275 4132 qnetas
283 4042 370 4126 jarn,
390 4040 476 4105 fora
497 4052 528 4109 et
548 4047 733 4130 peregrinas
751 4047 951 4122 locutiones,
965 4053 1002 4109 ut
1023 4046 1071 4107 ita
1091 4045 1240 4125 speeiem
