3200 4972
266 407 332 476 304
539 396 542 403 ’
642 417 804 466 nnnrrrs
828 418 984 465 rrrnrerr

267 566 390 634 milites
416 563 587 643 eligerent:
608 560 652 625 ad
674 561 863 625 concionem
901 561 1066 645 populum
1102 562 1216 625 venire
1248 548 1380 646 juhet'
1460 615 1467 621 .

269 665 329 752 [tt]
350 661 615 728 Commoueiacit
630 660 730 737 filios,
746 668 786 724 ut
799 661 943 744 majores
957 669 1037 727 natu
1053 663 1236 726 minoribus
1250 662 1356 747 impe·

267 772 384 832 tarent.
435 763 658 829 Monstravitn
681 780 767 845 quas
788 760 926 842 iujurias
948 764 1059 828 Graeci
1081 763 1237 848 Trojauis
1257 763 1359 830 secis-

267 873 359 932 sent:
382 868 426 930 oh
440 865 505 929 hoe
519 865 722 928 Antenorem
743 863 892 943 legatum
910 864 944 927 in
962 863 1145 941 Graeciam,
1163 865 1306 942 misisse,
1322 871 1358 931 ut

267 968 332 1032 sibi
348 966 534 1032 Hesionam
549 985 693 1031 sororem
708 963 893 1040 redderent,
903 972 936 1028 et
946 965 1179 1030 satisfacerent
1191 966 1357 1050 Trojauis.

267 1067 722 1134 Antenorem‘coutumeliose
743 1066 786 1129 eb
808 1066 858 1129 eis
880 1071 1078 1131 tractatum:
1100 1069 1358 1153 necquicquam

268 1174 311 1235 ah
326 1170 380 1234 his
394 1171 570 1253 impetrare
590 1169 752 1252 potuisse.
796 1167 850 1231 Ob
872 1166 937 1232 huc
961 1169 1093 1250 placere
1115 1169 1192 1245 sihi,
1206 1168 1357 1236 Alexan·

266 1271 361 1337 drum
372 1271 459 1334 mitti
473 1289 548 1334 curu
563 1270 675 1333 classe
688 1270 723 1333 in
738 1268 919 1346 Graeciam,
934 1270 994 1352 qui
1015 1271 1070 1335 avi
1095 1270 1149 1333 sni
1166 1277 1306 1335 mortem
1321 1281 1358 1336 et

267 1371 486 1455 Trojanorum
509 1370 646 1454 iujurias
666 1370 893 1435 ulcisceretur.
937 1368 1141 1434 Antenorem
1156 1370 1266 1436 dicere
1283 1373 1357 1456 jus·

268 1473 325 1549 sit,
338 1470 505 1554 quomodo
518 1472 554 1534 in
569 1469 704 1535 Graecia
719 1475 883 1535 tractatus
897 1471 951 1534 sit.
979 1468 1125 1535 Antenor
1138 1471 1291 1537 hortatus
1305 1481 1358 1539 est

270 1572 445 1655 Trojanos,
455 1591 494 1635 ue
504 1574 744 1649 horrescerent,
755 1573 798 1637 ad
810 1571 1016 1637 hellandum⁰
1031 1572 1065 1636 iu
1074 1571 1263 1637 Graeciaml
1278 1594 1357 1639 suos

270 1674 454 1738 alacriores
467 1672 577 1738 fecit·
601 1673 724 1738 Paucis
738 1673 988 1752 demonstravit,
999 1693 1075 1756 quse
1086 1675 1120 1737 iu
1134 1673 1269 1740 Gracia
1284 1695 1358 1758 ges·

269 1782 367 1838 serat
410 1774 566 1838 Priamus
582 1774 678 1852 dixit,
693 1776 723 1840 si
742 1777 795 1839 cui
818 1774 1010 1858 displiceret
1024 1773 1150 1838 bellum
1164 1776 1244 1857 geri,
1261 1796 1358 1841 snum

271 1875 474 1940 voluntatem
488 1875 643 1942 ediceret.
686 1876 783 1941 Tunc
798 1876 947 1942 Panthus
962 1876 1095 1940 Priamo
1108 1881 1142 1940 et
1162 1878 1359 1961 propinquis

272 1975 388 2058 prodit
403 1994 534 2059 eaquae
550 1996 570 2040 s
593 1982 687 2061 patre
705 1977 906 2060 Euphorboq
928 1977 1098 2042 andierat:
1122 1977 1152 2041 si
1167 1977 1360 2043 Alexander

271 2094 410 2141 uxorem
426 2077 467 2141 de
476 2076 613 2143 Graecia
627 2077 838 2154 adduxisset,
851 2077 1006 2160 Trojanis
1021 2086 1205 2142 extremum
1221 2079 1361 2143 exitium

271 2175 430 2241 futurum.
474 2178 539 2242 Sed
556 2179 727 2262 pulchrius
741 2180 861 2243 essein
875 2180 948 2243 otio
963 2180 1067 2242 vitem
1079 2177 1209 2261 degere,
1218 2198 1318 2263 quam
1328 2181 1362 2244 in
1431 2258 1435 2263 ⁸

271 2277 414 2340 tumultu
431 2277 620 2344 libertatem
637 2280 801 2359 amittere,
822 2286 857 2344 et
877 2281 1059 2363 periculum
1075 2281 1165 2344 inire.
1208 2280 1360 2362 Populus

271 2376 505 2438 auctoritatem
512 2376 633 2441 Panthi
644 2381 837 2444 contemsit:
852 2399 960 2461 regem
973 2380 1081 2445 dicere
1087 2381 1269 2464 Jusseruut,
1278 2378 1358 2462 qnid
1436 2362 1446 2385 ³

269 2469 342 2535 fieri
370 2472 479 2536 nollet.
525 2475 682 2540 Priamus
705 2477 793 2542 dixit
818 2499 922 2545 naves
946 2479 1181 2565 praeparandas
1203 2499 1289 2558 esee,
1319 2487 1358 2543 ut

273 2577 368 2635 eatur
391 2573 425 2635 in
454 2571 640 2640 Graeciam:
662 2578 817 2642 utensilia
842 2599 975 2664 qnoque
1000 2583 1126 2666 populo
1148 2601 1212 2646 uou
1232 2581 1358 2645 deesse.

273 2671 428 2754 Pupulus
442 2673 667 2740 conclamavit
689 2696 751 2759 per
769 2698 805 2741 se
826 2699 952 2745 moram
972 2702 1037 2748 nou
1059 2702 1145 2761 esse,
1162 2702 1229 2766 quo
1248 2685 1359 2747 miuus

271 2773 359 2852 regis
385 2775 563 2857 praeceptis
590 2783 758 2860 pareatur.
805 2779 961 2846 Priamus
983 2784 1051 2849 illis
1075 2803 1214 2866 maguus
1237 2783 1361 2868 gratias

272 2874 349 2953 egit,
363 2875 624 2959 concionemque
639 2877 778 2945 dimisit.
825 2879 875 2945 lle
890 2902 970 2947 mox
984 2885 1018 2947 in
1033 2883 1129 2948 idam
1145 2885 1276 2967 sylvam
1299 2885 1360 2948 mi·

273 2973 329 3050 sit,
339 2974 417 3057 qni¹
431 2976 621 3040 materiem¹
637 2979 855 3059 succiderent,
870 3002 972 3047 naves
986 2983 1202 3049 aedificarent.
1233 2985 1359 3050 Hecto·

724 3158 911 3181 ONWOO

276 3293 282 3305 ι
305 3234 320 3261 ·
337 3233 368 3282 ln
379 3235 477 3298 Delph.
488 3236 530 3285 hie
542 3237 613 3287 lucus
623 3238 659 3288 sic
672 3238 879 3304 interpungiturr
896 3244 919 3292 t.
932 3258 952 3293 e.
965 3242 1077 3303 Muses
1088 3258 1117 3293 se
1126 3245 1281 3295 lmerrerert
1291 3244 1323 3292 ud
1334 3241 1358 3293 h.

272 3308 299 3341 rs
311 3296 438 3359 Gratim
447 3313 468 3348 r.
478 3299 577 3359 nse-l
596 3302 676 3351 Deest
685 3304 726 3365 otri
736 3305 762 3352 lu
774 3305 870 3369 Delph.

762 3461 870 3514 NOTAE

291 3550 317 3627 .¹
333 3542 550 3630 undresinse]
566 3552 661 3605 lisdem
674 3554 797 3606 sereser·
868 3562 961 3618 «ΟΜ
978 3579 994 3612 s
1013 3569 1082 3626 petre
1101 3563 1235 3627 ΝΜΟ]
1264 3564 1361 3615 Pffiffi

274 3616 313 3701 tna
323 3615 364 3700 ine
376 3624 473 3678 repetit
487 3621 589 3685 ineptus
604 3630 725 3694 scriptur,
738 3647 796 3697 qus
837 3642 937 3698 patrem
951 3638 992 3688 hic
1004 3637 1170 3700 Euphorbum
1185 3638 1250 3689 dicit
1264 3641 1360 3705 Dares,

270 3688 402 3791 Jssr'drxlt
413 3692 507 3754 psglus
516 3701 652 3762 superiori.
836 3710 1362 3778 quamserrtasonrysdsn.vtrg.f1³m·

290 3770 315 3847 ‘⁰
344 3762 796 3852 Nebnnnmtsdtettasdsrfflu·
836 3785 1143 3848 therothryrdes,rrcts
1159 3789 1301 3855 Phoehique
1320 3806 1362 3840 ss·

273 3842 327 3884 vrrs
340 3836 796 3917 rrneluepturtmrmhunrseriptu-
834 3858 943 3910 cordos.¹
975 3860 1070 3911 Panthi
1084 3862 1216 3914 historiam
1230 3865 1361 3929 peruium

165 3958 168 3963 ,
273 3924 327 3960 rem
343 3914 523 3974 percurro,its
539 3916 648 3971 barbare
662 3929 795 3981 etmisere
833 3932 901 3996 spnd
913 3932 1017 3997 Dictys.

272 3986 365 4035 scribit
372 3986 482 4038 scilieet.
512 3989 565 4042 Sed
577 3996 700 4050 οιὴωάι
709 4008 793 4056 unica
865 4008 1029 4076 'distes-m
1052 4011 1202 4063 ‘historia'
1217 4019 1247 4062 et
1263 4014 1362 4064 ‘nste-

273 4059 323 4107 νὴ·
450 4139 455 4149 Ι
833 4082 903 4142 ries:
913 4085 1017 4148 propris
1028 4086 1142 4150 liguum
1159 4087 1361 4139 undeinGluu·

273 4133 364 4258 ciale
375 4135 504 4204 Grsrrrrnj
519 4141 610 4209 ldest,
621 4152 794 4206 coutrstlra·
834 4166 1009 4223 exponuntur,
1018 4159 1108 4223 tlara,
1118 4162 1173 4223 lun.
