3010 4978
292 428 315 493 6
700 441 751 488 sn
776 440 987 489 nnerurnu.

293 586 412 669 Dictys
429 603 508 647 vero
521 581 718 646 decennium
733 587 860 646 tantum
876 581 983 664 punit,
998 599 1117 664 nempe
1138 601 1256 647 novem
1279 603 1383 667 expe-

293 686 419 762 ditioni,
433 684 596 748 decimum
616 683 715 747 bello.
767 682 918 764 Tragieis
931 681 1031 746 etiam
1052 682 1230 765 aliquando
1247 684 1382 761 insistit,

293 804 432 867 quorum
449 785 595 848 omnium
609 783 806 848 illustriores
822 782 952 848 fabulas
968 783 1109 865 attingit,
1121 802 1188 848 ase
1202 785 1383 867 interpola-

293 896 348 950 tas
363 886 556 969 plerumque
572 892 607 948 et
621 883 803 968 expolitas.
846 882 976 949 Graves
998 884 1177 948 conciones
1191 884 1333 962 addidit,
1348 892 1385 949 et

294 988 361 1053 alia
386 986 532 1051 historiae
555 990 749 1050 ornamenta
772 982 992 1049 lucidissima.
1035 984 1118 1067 Ejus
1130 984 1278 1049 elocutio
1293 984 1384 1049 lutu-

213 1094 218 1106 ‘
292 1088 381 1153 lenta
405 1087 610 1169 plerumque,
637 1093 676 1148 nt
700 1083 775 1166 ejus
799 1083 915 1148 saeculi
940 1103 1007 1167 qno
1039 1085 1185 1167 scripsit,
1211 1085 1268 1149 sed
1296 1086 1382 1149 uude

293 1196 404 1252 temen
416 1186 541 1271 aliquid
554 1186 665 1262 tollas,
679 1187 802 1268 qnippe
812 1187 896 1266 'quae
910 1185 1167 1267 elegantissimis
1182 1187 1383 1269 optimorum

293 1288 492 1371 scriptorum
525 1285 675 1351 flosculis
705 1285 865 1349 distincta
904 1285 957 1347 sit.
1016 1284 1102 1350 Post
1131 1284 1384 1350 Constantinum

295 1389 453 1471 Magnum
469 1389 647 1471 scripsisse
665 1392 764 1470 putat
778 1383 938 1461 Vossius,
955 1394 992 1448 at
1010 1385 1033 1451 J
1036 1406 1087 1450 os.
1102 1385 1274 1450 Mercerus
1296 1387 1384 1450 veri·

294 1491 437 1557 similius
449 1491 557 1573 ipsius
567 1486 778 1552 Constantini
794 1492 905 1562 ento,
915 1504 958 1550 ax
975 1486 1130 1569 Epistola
1145 1506 1221 1569 quae
1233 1484 1382 1551 Arcadio

294 1591 434 1657 Consuli
448 1589 560 1655 dicata
573 1587 685 1652 libello
694 1586 918 1669 praeponitur3
932 1605 1009 1649 eum
1019 1588 1105 1651 enim
1117 1585 1300 1651 Arcadium
1315 1588 1382 1651 sub

294 1696 372 1777 ipso
384 1689 600 1756 Constantini
615 1689 729 1769 Magni
739 1687 877 1770 imperio
889 1689 1102 1753 consulatum
1112 1689 1257 1770 gessisse
1267 1696 1384 1753 notum

294 1803 357 1857 est.
402 1793 523 1875 Dictys
542 1791 709 1856 Cretensis
734 1808 854 1853 nomen
879 1790 1011 1867 ascivit,
1025 1793 1104 1873 quia
1129 1796 1265 1853 noverat
1279 1789 1383 1855 tuisse

294 1894 374 1959 olim
393 1894 525 1977 Dictym
540 1890 741 1968 Cretensem,
758 1890 928 1955 Idomenei
944 1891 1111 1967 comitem,
1122 1908 1260 1973 eumque
1275 1891 1383 1956 literis

293 1995 470 2060 mandasse
484 2012 562 2076 quar
575 2000 610 2057 et
623 1993 697 2075 ipse
712 1992 853 2072 viderat,
876 2002 911 2057 et
931 2011 1070 2077 quorum
1085 1992 1185 2055 etiam
1209 2010 1289 2074 pars
1308 1991 1383 2054 sue-

292 2101 353 2160 rat.
399 2094 511 2177 Hujus
541 2113 663 2159 nomen
688 2095 845 2159 mentitus
866 2102 917 2159 est
940 2096 1018 2159 item
1043 2093 1128 2157 alius
1153 2092 1294 2174 scriptor
1320 2095 1382 2174 qui

293 2195 431 2259 eandem
457 2194 630 2259 historiam
655 2194 775 2259 Graece
798 2195 918 2272 texuit,
940 2200 977 2260 ut
1003 2203 1056 2259 est
1073 2192 1163 2276 apud
1186 2190 1326 2255 Suidam
1345 2200 1382 2254 et

286 2294 460 2359 Tnetzem.
503 2293 557 2357 De
584 2312 662 2356 veru
686 2295 790 2373 Dicty
814 2291 887 2356 vide
913 2312 991 2373 quae
1019 2293 1106 2355 infra
1128 2311 1171 2354 ex
1186 2289 1315 2356 Vossio
1337 2290 1380 2356 de

293 2394 464 2457 historicis
480 2392 622 2479 Graecis.
665 2392 718 2454 De
731 2410 807 2455 meo
833 2396 941 2455 autem
966 2392 1071 2455 hoece
1089 2392 1203 2456 labore
1222 2392 1307 2456 nihil
1325 2398 1379 2456 est

293 2494 384 2574 quud
400 2491 487 2574 apud
511 2498 545 2555 te
570 2509 678 2573 egam,
691 2488 821 2568 Lector,
835 2509 911 2554 oum
931 2490 974 2554 de
996 2497 1069 2555 tota
1090 2491 1196 2556 hacce
1211 2512 1379 2557 cummen-

293 2594 386 2658 tundi
400 2593 528 2657 ratione
542 2590 617 2675 jam
631 2590 760 2655 abunde
772 2590 893 2672 egerim
909 2590 998 2674 opud
1016 2589 1162 2670 Florum,
1188 2611 1254 2675 quo
1275 2593 1381 2657 liben-

293 2704 346 2759 ter
356 2702 390 2758 te
403 2693 547 2767 remitto,
562 2710 601 2754 ne
610 2691 665 2755 hic
677 2710 718 2755 ea
731 2689 850 2772 frigide
863 2691 977 2756 videar
991 2701 1150 2775 repetere,
1165 2700 1201 2756 ut
1211 2694 1246 2756 in
1259 2693 1380 2760 laudes

293 2795 356 2859 viri
377 2793 598 2859 illustrissimi
613 2797 646 2855 et
671 2792 920 2876 sapientissimi
937 2791 1157 2859 Mentauzerii
1175 2793 1297 2873 Ducis,
1312 2794 1380 2859 Sn-

297 2911 493 2960 nnrrrssrur
511 2894 703 2959 Deseritur
730 2892 964 2971 Moderatoris,
978 2913 1165 2968 excurram,
1179 2895 1238 2978 qni
1253 2896 1380 2962 virtute

294 3018 358 3063 sua
366 3017 404 3061 su
408 3016 470 3080 pra
480 2996 597 3061 laudes
612 3015 726 3060 omnes
736 3001 872 3060 evectus
886 3004 948 3061 est.
993 2995 1037 3059 Et
1052 3015 1095 3059 ne
1109 2996 1209 3061 etiam
1224 2995 1266 3059 de
1277 2996 1379 3062 illus-

293 3099 436 3163 trissimo
462 3105 496 3162 et
523 3096 818 3185 Reverendissimo
840 3097 912 3162 viro
935 3095 1173 3162 Condumiensi
1195 3096 1380 3182 Episcopo,

292 3199 539 3264 Snrrnrrrssuar
557 3197 750 3261 Dnnrnrur
767 3196 991 3280 Proeeeptore,
1010 3204 1046 3261 et
1060 3196 1138 3260 fidei
1152 3195 1379 3264 Rumanaein·

293 3297 525 3382 geuiosissimo
545 3296 687 3375 uindice,
708 3296 764 3361 hie
784 3297 910 3381 aliquid
931 3299 1059 3383 loquar,
1072 3299 1181 3382 deque
1196 3300 1379 3381 perillustri

293 3410 328 3464 et
344 3397 520 3462 admodum
543 3395 588 3460 R.
604 3397 646 3461 D.
662 3396 792 3460 Huetiu
808 3396 941 3464 Abbate
954 3398 1138 3475 Alneteusi,
1151 3400 1184 3462 in
1198 3400 1379 3467 earundem

292 3517 442 3565 euramm
457 3502 586 3580 partem
607 3497 729 3574 accitu,
752 3506 788 3562 et
808 3500 974 3582 religionis
989 3499 1189 3564 Christianae
1211 3508 1377 3566 assertore

293 3599 465 3675 acerrimo,
480 3615 566 3680 quos
583 3617 699 3662 omnes
712 3598 871 3664 divinitus
887 3606 1071 3664 suamanet
1084 3600 1169 3663 lans.
1212 3599 1279 3664 Sed
1292 3602 1377 3667 illud

291 3704 420 3763 tentum
439 3703 471 3761 te
486 3697 578 3773 volo,
595 3697 725 3775 hector,
740 3705 778 3763 ut
797 3719 874 3783 qnae
888 3702 920 3764 in
946 3698 1146 3782 perlegendo
1168 3717 1270 3781 opere
1288 3719 1310 3764 a
1323 3721 1375 3766 mo
1448 3704 1454 3711 ‘

164 3820 168 3837 ·
292 3807 436 3883 peccata
463 3798 698 3881 deprehendes,
716 3818 758 3864 ea
773 3800 948 3881 ignoscas,
970 3818 1079 3883 eoque
1100 3798 1268 3864 lubentius
1283 3803 1377 3884 qnod

291 3918 392 3963 nemo
405 3898 460 3962 hie
476 3899 553 3962 mihi
572 3899 681 3963 facem
697 3899 830 3976 alluxit,
846 3920 922 3984 quae
937 3900 1043 3982 primu
1055 3899 1253 3966 historicum
1272 3901 1376 3968 istum

291 3999 537 4065 commentariis
552 3999 716 4065 illustrare
730 4020 886 4083 aggressa
902 4020 987 4067 sum.
1023 3998 1119 4063 Vale.
