3200 4972
306 394 373 462 334
677 407 842 459 nsarrrs
866 409 1025 457 rnnrorr

310 556 492 628 iactasset,
510 548 662 612 Priamus
674 567 793 629 magno
809 549 921 613 animo
938 551 1055 630 surgit,
1069 551 1297 632 inperitmulta
1307 552 1395 619 maia

311 652 472 722 Antenori
485 661 519 714 et
534 651 671 714 AEnsae:
694 668 752 713 eos
766 658 923 716 auctores
936 653 1019 725 belli
1033 654 1212 737 appetendi
1227 652 1345 733 luisse,
1363 661 1396 718 et

309 757 441 835 legatos
464 753 499 815 in
518 749 688 816 Graeciam
708 750 872 830 mhtendi,
898 773 974 818 eum
996 755 1069 839 ipse
1091 772 1225 838 quoque
1243 753 1397 819 Antenor

308 854 440 935 legatus
451 853 597 929 redierit,
614 856 647 915 et
659 851 898 917 renuntiaverit
913 873 950 917 se
965 855 1205 919 contumeliose
1218 861 1394 920 umatum

266 988 273 1000 ·
309 973 394 1018 esse.
439 953 572 1020 Deinde
587 952 792 1029 etAEneam,
806 953 866 1034 qui
880 972 954 1018 curn
970 953 1169 1020 Alexandro
1185 954 1396 1021 Helenomet

309 1056 458 1139 prscdem
484 1053 647 1138 eripuerit.
692 1051 901 1137 Quapropter
925 1062 1054 1120 certum
1078 1056 1143 1121 sibi
1166 1074 1254 1134 esse,
1280 1074 1395 1139 paoem

309 1178 376 1223 non
395 1156 487 1221 lieri:
509 1157 715 1238 imperatque
735 1160 774 1217 ut
794 1172 910 1217 omnes
929 1157 1039 1238 parati
1064 1155 1142 1233 sint,
1166 1175 1241 1219 cum
1266 1156 1396 1238 siguum

311 1258 449 1334 dederit,
472 1275 531 1340 per
551 1260 668 1339 portas
694 1252 910 1336 irruptionem
935 1255 1064 1320 lacere:
1086 1262 1145 1320 aut
1165 1256 1306 1332 vincere,
1336 1267 1396 1321 aut

309 1360 392 1421 mori
407 1357 472 1421 sibi
483 1362 608 1421 certum
620 1372 706 1418 esee.
751 1353 842 1419 Haee
855 1363 1036 1438 postquam
1050 1357 1147 1433 dixit,
1154 1355 1270 1420 multis
1282 1356 1394 1419 vorbis

309 1478 370 1523 eos
384 1458 547 1533 hortatus,
571 1455 746 1520 concilium
759 1453 896 1531 dimisit,
911 1452 1190 1538 Amphimachum
1212 1456 1247 1518 in
1269 1455 1395 1538 regiam

310 1559 416 1636 duxit,
430 1557 581 1640 dixitque
607 1556 766 1620 severeri
791 1556 834 1620 ab
855 1555 908 1619 his
922 1556 980 1640 qni
1004 1575 1120 1640 pacem
1145 1562 1331 1635 suaserant,
1354 1576 1395 1622 ne

310 1659 472 1743 oppidum
486 1658 641 1743 prodant,
655 1676 780 1740 eosque
795 1657 919 1722 habere
934 1657 1055 1723 multos
1073 1658 1116 1724 de
1130 1658 1229 1742 plebe
1243 1658 1304 1741 qui
1318 1677 1395 1722 cum

310 1760 360 1824 eie
374 1759 539 1823 sentiant:
563 1776 652 1841 opus
666 1775 743 1821 esse
758 1776 819 1821 eos
834 1757 985 1823 interfici.
1018 1759 1056 1824 Si
1069 1759 1133 1824 hoc
1144 1757 1273 1824 iactum
1285 1759 1344 1835 sit,
1359 1777 1396 1822 se

310 1860 452 1943 patriam
466 1858 686 1934 defensurum,
710 1864 747 1921 et
765 1856 910 1938 Argivos
932 1867 1179 1942 superaturum.
1221 1859 1395 1942 Simulque

310 1963 416 2040 rogat,
431 1963 468 2022 ut
481 1958 548 2022 sibi
559 1956 668 2022 fidelis
682 1961 717 2021 et
728 1956 900 2034 obediens,
916 1965 1120 2043 paratusque
1134 1978 1211 2024 cnm
1222 1958 1323 2024 armis
1335 1959 1396 2022 sits

310 2058 363 2123 id⁵
380 2059 453 2123 sine
468 2057 662 2140 suspicione
675 2057 721 2121 ita
735 2057 804 2121 fieri
820 2075 942 2139 posse:
956 2068 1095 2142 postera
1103 2061 1166 2138 die,
1178 2061 1226 2124 its
1239 2060 1289 2124 uti
1300 2059 1398 2135 solet,

310 2178 379 2224 rem
405 2160 551 2225 divinam
576 2159 752 2234 lecturum,
777 2176 903 2240 eosque
923 2158 969 2222 ad
990 2177 1122 2225 coenam
1147 2156 1398 2225 vocaturum.ih

207 2322 212 2331 ,
312 2258 410 2324 Tunc
423 2258 686 2341 Amphimachus
700 2257 842 2322 consilio
863 2260 1049 2342 approbato
1064 2261 1129 2326 hoc
1144 2260 1309 2326 facturum
1321 2279 1397 2344 pro·

312 2357 426 2434 mittit,
442 2365 540 2441 atque
555 2359 605 2422 ita
619 2359 663 2422 ab
686 2376 727 2421 eo
749 2357 921 2425 discessit.
963 2361 1044 2445 [tle]
1066 2359 1194 2425 Eodem
1208 2360 1263 2424 die
1278 2378 1397 2423 conve·

311 2455 409 2519 aiunt
423 2456 509 2520 clam
523 2455 681 2534 Antenor,
694 2456 909 2540 Polydamas,
923 2457 1115 2542 Ucalegon,¹
1127 2456 1393 2541 Amphidamas,k

313 2552 426 2618 Dolon
435 2552 458 2619 :¹
473 2554 587 2621 dicunt
597 2575 633 2620 se
644 2558 754 2621 mirari
767 2558 983 2642 pertinaciam
998 2562 1083 2642 regis
1098 2560 1156 2642 qui
1169 2559 1307 2624 clausus
1320 2575 1395 2623 eum

311 2654 468 2738 patriast
481 2657 662 2721 comitibus
677 2659 784 2740 perire
797 2661 924 2737 mallet,
935 2679 1034 2743 qnam
1048 2679 1165 2742 pacem
1176 2660 1294 2724 lacere.
1326 2657 1396 2721 An·

311 2762 403 2825 tenor
417 2756 466 2820 sit
478 2775 516 2820 se
529 2758 693 2823 invenisse
707 2759 789 2841 quid
804 2760 996 2825 iaciendum
1010 2761 1067 2838 sit,
1082 2760 1170 2843 quod
1185 2760 1250 2825 sibi
1263 2766 1298 2824 et
1311 2759 1388 2823 illis

310 2858 344 2921 in
358 2875 527 2923 commune
540 2858 706 2942 proficiat,
719 2860 796 2925 dum
808 2862 874 2926 sibi
892 2862 1008 2927 stillis
1023 2862 1108 2928 foret
1126 2862 1225 2926 lides.
1268 2859 1393 2924 Omnes

343 3192 358 3236 s
379 3187 421 3251 Ut,
432 3193 461 3238 st
471 3200 528 3237 snex
538 3191 623 3252 prust,
632 3187 777 3252 Daph-⁰
796 3188 884 3238 roem
895 3185 990 3249 Delph.

800 3358 909 3410 NOTAE

312 3466 783 3535 ercitu,'idest,eurntotoesercitn.
904 3470 1112 3537 *samaram
1141 3471 1247 3523 Nollem
1258 3472 1397 3538 Amphlds·

343 3540 464 3607 ¹'lissqsr
480 3548 513 3594 sd
528 3561 615 3598 sauss
630 3554 764 3599 mess
781 3549 833 3612 [ss-
873 3555 987 3599 msntsm
1012 3548 1147 3612 homin
1174 3548 1243 3598 neri.
1282 3548 1398 3599 Fuerunt

310 3616 376 3679 cars]
390 3618 526 3680 ‘Vocem'
536 3635 583 3683 pro
594 3622 774 3674 ‘serstorum'
790 3624 833 3672 ln·
874 3622 977 3687 quidem
987 3622 1047 3672 ellnr
1058 3622 1144 3686 plures
1154 3619 1396 3685 Amphidamantis,

310 3690 367 3739 uuit
377 3697 473 3755 sutem,
482 3706 526 3743 sos
542 3708 621 3758 super
636 3710 708 3748 creos
724 3697 834 3748 interfici
875 3713 940 3748 uuus
951 3697 1063 3760 hyesrgl
1073 3694 1140 3745 tilios
1151 3710 1184 3745 ex
1199 3697 1318 3759 Athenls,
1332 3697 1396 3747 alios

312 3771 442 3827 oportere.
874 3788 906 3824 ex
926 3776 1042 3837 Opunte,
1067 3775 1142 3838 cajus
1164 3773 1245 3825 filiun
1266 3773 1398 3826 interfecit

342 3838 350 3872 ¹
369 3840 501 3905 Ussiegss]
523 3842 575 3893 llic
585 3844 772 3909 chlegontsm
783 3846 834 3895 Ds-
873 3848 1018 3904 Pstroelus‚
1029 3847 1091 3898 lteru
1103 3849 1229 3900 Busiridis
1237 3848 1312 3900 filius.

313 3929 354 3967 res
365 3914 447 3971 sedit,
457 3918 545 3966 nescio
556 3917 633 3969 nude.
667 3920 733 3969 Nam
753 3919 787 3977 de
803 3933 834 3969 eo
905 3922 912 3955 ¹
927 3920 1018 3986 Dsiss]
1043 3921 1123 3988 Atqui
1137 3924 1193 3988 iarn
1204 3923 1304 3988 pridem
1314 3922 1349 3975 sb
1364 3923 1400 3973 ll·

312 3990 464 4042 tscsotslli.
495 3990 578 4040 Immo
589 3992 711 4054 Virgilius
721 3995 779 4058 sins
789 3994 835 4047 do·
873 4000 940 4065 igne
954 4003 983 4047 et
999 3998 1126 4050 Diomede
1142 4001 1313 4064 interceptus,
1324 4013 1399 4050 occo·

311 4080 379 4118 reum
391 4067 518 4117 incsnssm
529 4064 610 4128 dicit,
627 4081 642 4115 s
653 4081 703 4131 qus
712 4070 835 4120 rerlsisrl·
875 4072 964 4122 bnerst
974 4071 1066 4125 Dolon.
1086 4072 1137 4124 Sed
1149 4089 1163 4123 s
1174 4081 1281 4139 recepta
1290 4074 1398 4125 sliorsrs

311 4140 371 4189 liter
392 4141 480 4192 Greci
503 4140 695 4205 abstinuissent,
716 4146 739 4195 si
766 4146 835 4197 luter
873 4146 994 4211 opinions
1005 4147 1089 4199 Dares
1100 4148 1207 4201 recedit.

311 4213 459 4280 proditores
468 4217 560 4269 ruisset
571 4216 715 4283 chlsgoo.
