3010 4978
541 302 675 385 ‘guam
699 303 848 353 titulun.
995 312 1005 329 ·
1203 295 1245 363 81

192 452 236 515 ln
256 435 355 514 hisee
370 467 447 513 vero
469 449 681 529 agitubantur
697 464 766 513 nou
788 455 917 515 tantum
932 450 1114 533 quadrigar.
1158 456 1245 523 Stat.

150 566 237 614 vrrr.
264 550 369 614 Theb.
392 548 470 613 870.
496 568 613 615 rerum
635 556 671 614 et
698 549 796 631 bigae.
822 549 924 613 Hom.
946 548 1044 615 Iliad.
1066 552 1102 625 ψ.
1156 555 1244 633 Quae

150 654 350 733 spectantur
363 651 398 713 in
413 649 566 731 pluribus
581 649 761 714 Siculorum
779 656 881 733 atque
898 648 1090 715 Graecorum
1110 653 1245 720 Numis-

148 750 305 814 matibus
331 746 424 831 apud
446 747 626 827 Goltzium,
647 749 815 829 Parotam,
836 749 1111 830 Volkbamerom,
1135 753 1242 836 Bege-

150 869 240 925 rum,
255 851 319 911 dte.
1041 903 1049 913 .

195 946 270 1011 Hae
297 950 405 1009 autern
433 944 519 1027 bigae
555 945 644 1028 apud
670 947 809 1012 citatum
844 946 1028 1028 Goltzium,
1050 950 1160 1016 Graeo.
1189 954 1242 1017 30.

148 1047 241 1112 Tab.
266 1048 302 1109 iu
324 1044 475 1128 Philippi
502 1046 587 1126 regis
613 1045 771 1115 Nummo.
815 1044 952 1128 Quippe
971 1050 1026 1113 hic
1047 1069 1113 1113 non
1136 1052 1242 1116 solum

149 1164 246 1228 rraepe
259 1146 295 1209 in
320 1143 510 1228 olympicis
540 1145 632 1221 uicit,
647 1145 888 1227 quadrigarum
909 1146 1125 1230 bigarumque
1141 1152 1243 1214 curri·

147 1244 238 1321 culo,
259 1242 403 1328 (Justin.
420 1259 493 1307 xrr.
508 1242 581 1326 16.)
595 1263 708 1308 verum
724 1245 825 1308 etiam
841 1246 975 1308 curules
991 1246 1242 1330 Olympicomm

145 1346 308 1408 victorias
330 1342 602 1408 Numismatibus
632 1344 789 1426 insignire
811 1349 865 1414 est
886 1344 1020 1422 solitus,
1046 1352 1132 1411 teste
1161 1346 1242 1412 Plu-

146 1443 274 1505 tarebo.

195 1539 363 1604 Indorum
394 1541 535 1624 denique
565 1541 815 1626 Olympicorum
860 1543 1023 1607 curulium
1064 1547 1241 1612 meminere

148 1638 278 1704 Horat.
295 1656 319 1706 r.
341 1640 404 1704 0d.
417 1643 447 1704 l.
461 1643 493 1705 3.
509 1641 644 1708 Pindar.
662 1641 798 1725 Olymp.
810 1641 842 1705 2.
857 1641 922 1706 0d.
937 1640 1030 1723 Virg.
1046 1658 1102 1707 ιιι.
1118 1643 1241 1727 Georg.

146 1738 203 1805 18.
218 1743 282 1808 διο.

435 1977 660 2053 TABULA
711 1977 949 2060 QUARTA.

534 2192 645 2258 XIX.
688 2192 874 2259 HYDRA.

357 2339 435 2404 nra.
456 2357 508 2406 rv.
532 2341 621 2407 Gar.
645 2342 696 2407 19.
720 2344 777 2408 ubi
791 2342 835 2407 de
850 2343 1047 2409 Philoctete.
1066 2428 1073 2437 1

62 2482 67 2489 '
168 2516 335 2601 ‘Quippe
351 2518 512 2582 Herculis
527 2526 672 2583 armatus
686 2521 829 2601 sagittis,
844 2540 922 2604 qnae
937 2522 1071 2588 infectae
1088 2523 1216 2609 Hydrae

277 2619 437 2700 sanguine
453 2618 540 2682 baud
553 2619 624 2683 sine
637 2619 743 2683 exitio
759 2621 892 2703 corpori
906 2619 1110 2703 figebantur!

188 2749 457 2813 Iuraalabores
470 2732 541 2815 sive
551 2752 729 2816 certamina
738 2752 900 2817 Herculia
909 2742 1093 2841 praesertim
1104 2756 1239 2821 emicuit
1319 2825 1322 2831 ,

147 2867 216 2911 nex
227 2848 370 2930 Hydrae·
393 2848 472 2912 Erat
487 2855 593 2915 autem
608 2870 760 2933 serpens,
775 2852 821 2914 ad
830 2851 953 2913 Irernae
965 2853 1078 2914 lacurn
1092 2855 1126 2914 iu
1136 2854 1239 2932 Argia

145 2948 377 3031 Peloponnesi
392 2951 523 3029 regione
538 2950 750 3023 delitescens,
766 2948 1011 3029 quinquaginta
1024 2948 1184 3028 capitum,
1195 2966 1241 3011 ex

143 3048 269 3129 quibus
283 3066 352 3111 uno
372 3056 557 3131 amputato,
571 3066 655 3109 mox
677 3046 746 3108 aliu
767 3045 838 3108 duo
859 3045 1118 3126 repullulabunt.
1141 3043 1241 3109 Ovid.

145 3161 203 3208 rx.
214 3145 355 3212 Metam·
368 3147 444 3211 193.
453 3146 653 3229 Apollodor.
666 3159 705 3206 rr.
750 3141 976 3221 Quamobrem
992 3154 1057 3208 non
1072 3142 1240 3210 clarased

147 3244 278 3321 ignibus
306 3247 397 3311 bano
419 3248 560 3309 bestiam
584 3246 699 3309 tollere
717 3244 896 3325 sugebatur
921 3244 1097 3310 Hercules.
1140 3242 1238 3308 Unde

151 3341 294 3420 Seneca,
308 3348 342 3408 in
357 3345 406 3409 Η.
420 3345 560 3409 Fureut.
574 3344 649 3409 241.

239 3440 352 3518 Quidi
373 3464 469 3509 sarra
483 3447 603 3509 lernae
618 3451 1003 3523 monstra,numerost1m
1014 3447 1147 3523 malum,

241 3539 319 3604 Non
332 3545 405 3626 igne
419 3545 551 3609 demum
564 3544 645 3608 vicit
658 3553 690 3610 et
704 3546 821 3610 docuit
835 3547 943 3610 moril

151 3637 340 3703 Videnutur
358 3649 391 3706 et
410 3642 578 3719 Albricus,
602 3644 645 3735 de
662 3643 759 3708 Deor.
787 3644 925 3727 Imagin.
941 3653 976 3708 et
1003 3644 1143 3710 Ptolem.
1159 3646 1230 3710 He-

148 3738 312 3822 pboestiu,
334 3742 420 3822 apud
441 3744 617 3809 Photium:
639 3745 698 3826 qui
718 3764 820 3810 aurea
840 3764 883 3809 ex
905 3751 1000 3828 parte
1020 3747 1135 3830 capita
1157 3745 1234 3812 buio

148 3839 255 3904 fuisse
272 3835 387 3901 referi.
574 3898 583 3915 ,

191 3936 334 4002 Interim
349 3935 488 4018 Iolcum,
500 3943 616 4028 iphicli
630 3945 747 4024 filium,
763 3944 899 4010 Herculi
910 3945 1072 4009 laboranti
1087 3942 1233 4020 affuisse,

144 4046 179 4104 et
208 4035 349 4103 admota
376 4036 453 4102 fuce
473 4048 636 4110 truncatae
658 4047 807 4110 eervices
833 4045 1013 4119 adussisse,
1038 4043 1233 4125 priusquam

209 4153 403 4218 mare.
418 4155 482 4205 cras.
631 4158 778 4207 meacm.
1149 4156 1170 4203 s
