3010 4978
437 944 533 1033 ΑΙ)
583 946 974 1042 LECTOREM.

16 1420 21 1439 '
154 1398 377 1495 Posrousrr
394 1418 435 1483 1..
450 1417 596 1497 Florum,
611 1418 644 1483 in
669 1439 767 1483 usum
786 1419 1035 1485 Suusrrrssrrrr
1051 1419 1242 1484 Ducentur

15 1568 19 1589 .
155 1517 260 1594 edidi,
275 1518 409 1595 lector,
425 1519 561 1604 Dictym
579 1519 770 1584 Cretensem
787 1520 829 1584 de
843 1520 935 1585 betto
949 1520 1097 1604 'liojuno
1113 1520 1244 1604 aggredi

15 1630 22 1659 ¹
149 1619 255 1703 jussa
264 1639 350 1684 sum.
394 1620 522 1687 Notum
537 1628 590 1686 est
602 1642 679 1685 eum
695 1622 796 1704 vulgo
806 1623 1060 1706 supposititium
1073 1622 1173 1699 credi,
1186 1621 1245 1687 sod

154 1739 209 1784 res
223 1720 353 1786 creditu
375 1728 501 1787 tuntum
523 1732 557 1786 et
580 1743 602 1788 a
620 1724 752 1788 nemine
767 1723 876 1787 adhuc
891 1724 1043 1807 probatu.
1085 1721 1197 1799 Quure
1209 1722 1245 1786 id
1299 1776 1303 1781 .

14 1882 19 1891 .
156 1821 193 1885 iu
205 1824 324 1905 primis
337 1825 419 1888 mihi
432 1825 639 1908 probandum
647 1827 777 1908 putavi,
792 1832 828 1888 et
840 1825 883 1888 iis
898 1824 1108 1906 argumentis,
1122 1824 1247 1905 quibus

14 1916 19 1979 ἱ
157 1922 247 1988 tides
275 1925 426 2006 derogari
448 1945 516 1989 non
540 1936 666 2008 posset,
686 1927 941 2009 pervincendnm
962 1925 1082 1989 fulsum
1107 1924 1246 2008 Dictym

163 2043 240 2088 esse
260 2024 361 2086 huuc.
411 2022 513 2104 Coepi
539 2027 653 2107 itaque
676 2033 832 2088 eccurute
852 2044 919 2088 rem
944 2023 1113 2109 persequi,
1138 2042 1246 2106 esque

163 2123 282 2187 omniu
296 2123 466 2203 colligere,
480 2142 557 2205 qum
576 2124 647 2206 jum
663 2125 742 2189 olim
763 2126 845 2188 bene
859 2125 959 2188 multu
972 2124 1028 2188 hic
1043 2122 1245 2187 animadver-

163 2230 267 2289 teram
283 2243 304 2287 e
320 2224 498 2300 veteribus,
515 2225 567 2289 vet
581 2226 755 2289 immutate
779 2225 829 2288 rel
847 2225 1171 2308 aerumnarumque
1186 2224 1244 2302 its,

157 2323 250 2407 quod
274 2324 385 2406 prime
412 2324 519 2389 fronte
546 2325 626 2388 mihi
662 2345 728 2389 non
755 2327 886 2408 exiguus
915 2327 1016 2390 motis
1049 2325 1245 2390 esse'vide-

155 2426 264 2501 betur,
279 2424 390 2490 sontes
415 2425 482 2488 fere
511 2444 641 2503 omues,
662 2426 751 2490 unde
772 2446 835 2489 sua
854 2426 970 2490 hausit
994 2426 1043 2490 sic
1067 2432 1192 2506 noster,
1207 2434 1245 2490 ut

156 2525 327 2589 historiam
344 2545 440 2589 suam
454 2524 679 2604 concinnaret,
695 2529 843 2611 operui·¹
882 2526 1004 2591 Hebes
1024 2528 1137 2608 igitur,
1161 2527 1245 2592 Lec-

14 2656 19 2677 ι
155 2634 219 2702 tor,
234 2626 500 2711 Pseudodictym
522 2628 729 2708 historicum,
745 2629 805 2693 sed
821 2629 933 2693 utitem
949 2636 1059 2692 tumen
1082 2635 1115 2693 et
1137 2628 1245 2692 mndi-

155 2736 242 2791 tnm.
286 2727 324 2792 Is
355 2748 436 2792 seue
461 2739 589 2794 veteres
611 2750 727 2795 omues
749 2731 928 2812 scriptores
954 2731 996 2793 de
1029 2728 1246 2819 expeditione

15 2844 20 2853 “
155 2830 368 2905 Graecorum,
384 2829 493 2912 deque
521 2849 632 2895 eorum
659 2832 778 2909 reditu,
804 2831 979 2912 diiigenter
1005 2831 1246 2911 pervolvitur

14 2978 20 3001 .
155 2953 276 2998 eorum
292 2930 558 3014 discrepantibus
580 2933 740 2997 interdum
762 2930 935 2996 sententiis
950 2948 1010 2993 eus
1032 2931 1159 3011 saepius
1179 2928 1246 2993 ele·

154 3035 217 3116 git,
232 3050 309 3116 quae
324 3051 346 3095 u
368 3031 519 3113 pluribus
532 3037 567 3096 et
579 3052 601 3097 a
614 3034 823 3116 gravioribus
837 3029 1021 3111 traduntur.
1065 3029 1102 3091 Is
1114 3027 1248 3111 po‘eticu

14 3150 20 3175 ¹
155 3135 271 3199 omnis
284 3133 440 3216 figmento
454 3137 606 3206 resecuit,
622 3135 673 3198 ret
687 3154 730 3198 ee
741 3133 784 3198 ud
796 3131 943 3198 historiae
955 3129 1055 3194 tidem
1065 3129 1116 3192 sic
1131 3129 1246 3192 immu-

154 3236 255 3312 tavit,
277 3242 314 3298 ut
328 3234 412 3299 nihil
425 3243 542 3299 contre
556 3234 880 3300 verisimilitudinem
892 3242 1018 3317 peccet.
1063 3231 1246 3296 Homerum

15 3340 22 3427 ξ
156 3337 332 3420 praecipue
345 3338 509 3419 sequitur,
524 3356 543 3400 s
557 3357 624 3421 qno
640 3345 752 3402 tumen
767 3337 892 3418 saepius
906 3335 1071 3411 dissentit,
1087 3341 1124 3397 ut
1138 3332 1192 3396 uel
1206 3332 1246 3396 de

157 3446 307 3518 ternpore
318 3438 397 3521 ipso
412 3436 648 3519 expeditionis.
694 3438 862 3502 Homerus
883 3438 1018 3525 quippe,
1032 3442 1065 3499 et
1077 3439 1157 3517 post
1169 3452 1245 3497 eum

156 3536 315 3603 stiibme
334 3538 444 3616 multi,
464 3545 554 3604 totos
577 3540 693 3622 viginti
716 3557 819 3604 anuos
843 3538 920 3602 huic
942 3539 1104 3603 insumtos
1118 3535 1245 3611 dicunt,

155 3656 286 3718 nempe
306 3639 499 3705 decennium
522 3643 682 3707 exercitui
708 3640 906 3723 colligendo,
920 3645 952 3703 et
968 3638 1110 3703 alterum
1123 3636 1245 3702 decen-

155 3739 253 3802 nium
268 3735 313 3800 sd
326 3737 463 3822 'trojam
485 3742 652 3817 bellando,
667 3744 717 3805 its
731 3743 816 3805 enim
830 3740 920 3824 opud
936 3757 1014 3803 eum
1030 3738 1179 3803 Helene.

329 3835 406 3914 'Hip
418 3846 477 3927 γὰρ
493 3832 537 3905 uir
549 3869 597 3923 μοι
607 3843 669 3906 ro'dr
683 3846 805 3916 rimeris
820 3840 878 3915 ἔτος
891 3841 976 3919 ieris,

333 3937 392 4015 Ἐξ
402 3937 522 4005 οὖκιῑθη
535 3943 610 4023 ἔβην,
625 3944 674 4006 καὶ
689 3945 755 4026 ὗμῆς
768 3940 931 4021 ἀπελήλυθα
946 3939 1064 4025 πάτρης.

330 4057 355 4121 J
356 4076 410 4121 nm
421 4060 507 4124 enim
519 4081 607 4126 nuuc
623 4061 701 4126 mitri
711 4062 894 4143 vigesimus
908 4076 1016 4123 anuos
1030 4064 1095 4130 est,

329 4156 383 4221 Ex
396 4178 465 4241 qno
480 4161 545 4224 huc
561 4161 635 4225 veni
651 4168 684 4225 et
699 4182 719 4226 s
732 4182 806 4226 mee
819 4159 963 4225 discessi
977 4158 1097 4239 patrie.
