3200 4972
279 332 345 396 344
719 334 926 395 rrrunnr-x.
1049 320 1052 324 '

280 502 366 566 enim
378 450 606 579 prefationem
621 504 687 549 nou
702 484 851 567 ejusdem
866 502 943 547 esse
959 484 1055 568 cujus
1069 492 1121 551 est
1132 485 1279 564 historin,
1291 490 1365 572 qui.

280 603 331 665 vis
353 613 416 658 non
438 588 684 655 indoctissimus
706 584 804 648 focile
826 585 1003 667 intelligat:
1032 607 1132 671 quem
1155 587 1244 653 houd
1267 591 1366 655 dubie

280 698 432 763 indoctus
447 689 615 775 quispiam
630 691 770 768 nugator
784 686 939 770 subjecit.
990 687 1079 753 Tum
1094 690 1129 754 iu
1143 690 1220 755 aliis
1232 692 1366 773 scriptis
1485 742 1493 755 .

234 858 238 869 ,
279 794 462 870 codicibus,
476 790 562 877 diros
576 789 658 854 editi
675 793 752 851 suut
767 787 888 864 secuti,
900 807 963 851 non
979 786 1258 869 Consularis,sed
1274 790 1366 856 Proe-
1409 816 1443 829 ··

278 915 332 961 ses
345 896 477 980 legitur.
507 888 617 958 'Nihil
639 893 751 953 nutem
778 885 947 952 Mercems
962 887 1071 968 affert,
1085 910 1145 955 cur
1157 911 1221 956 suo
1235 898 1366 957 tentum

279 997 397 1064 Codici
412 994 544 1062 credere
558 993 645 1058 alios
659 987 825 1073 postulet:
849 990 905 1072 qui
927 990 1018 1073 quod
1040 991 1193 1075 quosdam
1209 976 1366 1076 loquendi

279 1119 401 1183 genere
416 1098 545 1163 Latinae
572 1094 711 1176 iringum
734 1090 880 1174 puritate
902 1109 968 1154 nou
990 1093 1073 1156 setis
1087 1093 1186 1175 digua
1201 1094 1235 1158 iu
1250 1094 1366 1160 eedem

280 1201 434 1266 Historia
448 1198 513 1280 legi
531 1200 656 1271 censet,
675 1192 832 1275 profecto
855 1211 892 1256 se
909 1192 984 1275 jum
999 1190 1226 1277 deponmnum
1240 1194 1366 1259 fectum
1465 1278 1470 1285 ‚

278 1302 407 1385 probat,
421 1318 520 1383 quem
528 1297 600 1379 inm
617 1294 707 1359 domi
721 1310 759 1357 se
775 1293 952 1372 continere,
966 1314 1028 1359 nec
1041 1295 1190 1377 suffragii
1197 1294 1321 1359 terendi
1329 1295 1364 1358 in

278 1401 447 1465 literarum
461 1398 644 1463 Comitium
657 1396 705 1460 ire
719 1413 780 1479 per
793 1392 904 1459 inerit.
948 1395 1050 1461 Libro
1066 1412 1105 1460 rr.
1119 1396 1154 1460 in
1165 1397 1256 1480 prins
1265 1394 1366 1461 editis

278 1502 500 1685 leg‘elzffiue
511 1604 644 1663 nostros
658 1596 838 1662 multorum
852 1597 975 1662 dierum
991 1599 1204 1681 navigatione
1216 1599 1364 1682 eliquen-

279 1711 350 1767 tum
373 1701 558 1767 exhaustos
580 1699 724 1764 maxine
745 1700 923 1781 presentia
935 1698 1076 1783 Telephi
1093 1696 1362 1767 exanimaverat!

280 1803 512 1971 Et‘lgostgorteti
526 1918 606 1964 snos
620 1899 761 1982 quisque
773 1898 847 1963 ecio
861 1898 1054 1967 conflixere.
1098 1901 1186 1966 Tum
1204 1920 1286 1967 vero
1307 1901 1368 1966 nti·

280 2003 474 2088 quantulum
483 2006 589 2066 tracto
598 1999 926 2082 certamine,plnrimi
935 2001 1105 2086 utriusque
1113 1998 1371 2086 purtiscndunt?

281 2105 454 2171 Mercerns
474 2102 669 2186 utrobique:
696 2099 755 2163 ‘iu
769 2098 993 2199 eliqunutnm’
1015 2101 1133 2181 edidit,
1148 2110 1369 2191 annotetque:

280 2206 446 2281 ‘itaiibri
455 2210 491 2268 et
505 2202 554 2266 sic
569 2219 661 2285 supe
672 2198 834 2278 Noster,e
845 2200 941 2284 cujus
957 2203 1088 2269 seculo
1098 2223 1165 2269 non
1175 2207 1371 2287 estexigen·

279 2310 323 2372 da
335 2306 448 2369 Latini
462 2302 626 2367 sermonis
639 2300 791 2384 puritas?
817 2301 887 2367 Sed
902 2304 1045 2385 primum
1061 2305 1182 2371 salsum
1198 2313 1261 2381 est,
1277 2324 1369 2387 sepe
1415 2338 1424 2379 ·.

280 2409 331 2471 sic
345 2403 434 2486 epnd
446 2404 533 2466 hunc
548 2403 742 2486 scriptorem
763 2403 837 2485 legi,
853 2422 914 2469 nec
927 2407 1018 2471 euim
1030 2413 1193 2490 pretereo
1207 2412 1260 2469 est
1272 2405 1368 2469 iocus
1482 2430 1488 2444 ·

279 2511 313 2571 in
329 2505 417 2571 omni
432 2523 472 2567 ee
488 2501 655 2581 Historia,
668 2503 725 2568 ubi
740 2505 834 2569 vocis
849 2505 1099 2591 ‘aliquantum'
1112 2500 1197 2570 ide'm
1212 2522 1295 2568 usus
1310 2504 1367 2569 sit.

280 2603 407 2673 Deinde
428 2620 546 2684 negare
560 2602 732 2671 Mercerus
745 2607 875 2690 nequit,
896 2626 960 2674 neo
979 2628 1061 2674 suos
1082 2607 1186 2671 libros
1200 2624 1368 2691 umquem

279 2715 444 2788 corruptae
469 2704 624 2770 lectionis
645 2725 730 2772 esse.
772 2706 866 2787 Quid
891 2728 969 2792 ergo
994 2717 1055 2786 est,
1077 2728 1135 2774 eur
1148 2713 1318 2775 auctorem
1331 2708 1368 2773 id

279 2808 404 2892 potins,
426 2805 516 2889 qnod
540 2806 576 2874 in
598 2805 751 2889 Meroeri,
771 2828 873 2893 quem
887 2810 980 2894 qnod
995 2810 1030 2874 in
1045 2809 1186 2874 eliorum
1199 2809 1292 2875 libris
1306 2816 1368 2887 est,

281 2909 463 2993 scripsisse
475 2907 713 2975 accredemust
739 2910 891 2977 Tandem
906 2929 1023 2993 perum
1035 2907 1206 2975 Mercerus
1219 2910 1368 2976 doctum

280 3032 342 3078 sne
358 3012 567 3077 inhonorum
582 3020 753 3078 auctorum
776 3032 838 3078 usn
857 3013 990 3095 dignum
1010 3010 1102 3087 iecit,
1116 3029 1195 3074 curn
1219 3010 1254 3075 id
1274 3011 1368 3075 dam-

279 3134 359 3179 nare
374 3113 520 3183 animum
534 3113 674 3191 inducit,
688 3114 778 3201 quod
793 3120 828 3179 et
841 3114 962 3196 regulis
983 3113 1063 3179 artis
1085 3112 1249 3195 congruit,
1270 3116 1305 3176 et
1318 3113 1369 3178 lo·

280 3216 519 3299 cupletissimis
534 3236 570 3281 se
586 3216 777 3282 unctoribus
792 3216 891 3282 tutori
904 3220 1024 3299 potest.
1046 3213 1094 3281 Ut
1106 3215 1195 3278 euim
1205 3213 1369 3280 inGrnm·

279 3317 413 3379 rusticis
427 3315 540 3395 docui,
554 3316 737 3397 Quantum,
762 3317 922 3396 Tantum,
944 3316 1103 3394 Multum,
1125 3315 1283 3394 Paulum,
1298 3315 1372 3383 Au·-

280 3419 453 3494 qnnntum,
469 3417 682 3498 Immensum,
704 3419 895 3502 regulariter
908 3438 985 3486 cum
1000 3417 1241 3501 Praepositione
1259 3414 1304 3480 nd
1316 3418 1371 3483 vel

279 3514 324 3586 in,
338 3509 472 3591 figurare
486 3536 566 3581 vero
581 3520 653 3585 sine
666 3520 905 3603 praepositione
924 3521 1096 3587 dicuntur:
1119 3527 1165 3595 nt,
1189 3523 1370 3602 ‘quonium

282 3618 376 3693 pater
389 3610 473 3691 filio,
484 3623 609 3683 tontum
621 3620 724 3703 po'e‘ts
737 3622 862 3703 ingenii
877 3624 1033 3706 snipnrtn
1047 3618 1188 3700 gaudet!
1216 3618 1370 3685 ‘Avarus

279 3711 423 3779 muttum
436 3722 488 3780 est
501 3721 679 3787 ambitioso
688 3721 855 3789 deterior.'
885 3722 1016 3786 ‘Senex
1029 3725 1083 3782 est
1096 3718 1232 3801 pentum
1242 3720 1286 3785 ed
1300 3739 1370 3785 rem

280 3812 463 3877 attentior!
485 3817 705 3887 ‘Adolescens
714 3825 917 3908 aliquantum
927 3819 1224 3886 animoomissior!
1248 3819 1371 3887 ‘Mons

280 3914 477 3978 immensum
489 3915 624 3980 editos!
669 3921 708 3984 Iu
724 3925 776 3988 his
788 3923 942 3989 omnibus
953 3921 1225 4004 praepositionem
1239 3921 1371 3988 deside·

280 4015 354 4090 ¹⁸¹4,
368 4014 513 4098 plurima
529 4016 727 4099 optimorum
743 4030 913 4090 unctorum
928 4021 1086 4105 exemplu
1100 4023 1245 4089 vincunt.
1294 4024 1371 4089 Liv.

282 4126 351 4175 xx.
366 4113 420 4181 27.
443 4115 506 4181 ‘ln
522 4123 651 4184 tentum
665 4140 761 4190 sunm
777 4126 931 4192 virtutem
945 4122 1124 4191 enituisse!
1165 4123 1259 4209 Virg.
1273 4129 1285 4162 ‘
1294 4123 1371 4191 Neo
