3196 4976
331 371 395 438 244
688 383 849 433 ntorros
873 383 1077 433 DRBTENDIS

334 534 436 602 esset,
451 528 544 588 extrn
563 523 689 588 moenia
706 521 896 587 tolleretur:
928 540 1072 604 natuque
1096 523 1132 588 id
1154 524 1417 606 antiquissimum

333 629 458 707 signum
473 624 562 688 coelo
575 623 783 706 sublapsum,
797 643 865 706 qua
879 628 1073 706 tempestate
1093 623 1163 688 llus
1178 626 1338 707 ternplum
1353 625 1419 690 Mt-

332 742 442 787 uervae
457 729 639 799 exstrueus,
653 742 760 806 prope
775 741 938 786 summum
960 723 1085 805 fastigii
1106 732 1322 807 pervenerat:
1354 727 1422 791 ibi·

332 842 395 906 qne
411 823 494 889 inter
507 842 609 908 opera
622 843 697 888 cnm
712 822 873 887 necdum⁶
888 829 1038 906 tegumen
1049 823 1299 908 superpositum
1315 835 1419 905 osset,

333 924 448 988 sedem
470 924 536 989 sibi
559 924 792 1008 occupavisse,
813 923 914 1005 idque
938 925 1066 1005 signum
1089 925 1180 1007 ligno
1202 924 1420 993 fabrefactum

268 1092 274 1103 ,
332 1042 418 1088 esse.
462 1023 681 1089 Hortantibns
706 1023 781 1088 dein
805 1023 925 1086 uostris
947 1024 998 1087 uti
1019 1042 1133 1088 secum
1155 1023 1199 1088 ad
1221 1043 1262 1088 ea
1282 1026 1419 1092 omnin·

333 1125 519 1217 eniteretur,
535 1124 696 1188 iacturum
711 1143 748 1187 se
763 1140 840 1206 quae
855 1128 1022 1205 cuperent,
1035 1123 1213 1206 respondit
1242 1123 1357 1208 Atque
1366 1126 1419 1190 lris

333 1223 499 1308 preedicit,
519 1225 651 1307 publice
666 1245 702 1289 se
717 1225 750 1307 in
765 1221 906 1289 oonsilio
921 1242 1022 1306 super
1038 1223 1199 1306 qualitate
1214 1243 1326 1289 eorum
1342 1246 1418 1308 qote

332 1323 535 1407 postulaturi
557 1331 668 1388 essent
689 1324 856 1388 exertius⁷
878 1322 1114 1401 dissenserunt
1141 1322 1327 1388 scilicetne
1352 1343 1420 1407 qna

334 1421 483 1507 suspicio
497 1422 552 1486 sui
566 1420 655 1507 upud
673 1423 835 1487 barbaros
854 1422 1002 1487 oriretur.
1047 1421 1100 1486 lta
1113 1423 1302 1506 composito
1318 1440 1420 1504 nego-

333 1525 390 1601 lio,
404 1543 480 1588 cum
493 1522 568 1588 luce
582 1521 683 1586 simul
693 1521 840 1588 Antenor
848 1540 889 1586 ec
901 1521 1018 1606 reliqui
1028 1541 1181 1607 proceres
1191 1522 1233 1586 ad
1249 1521 1419 1587 Priamum

332 1624 474 1704 raduut3
494 1622 599 1696 nostri
613 1621 657 1687 ad
671 1640 775 1687 naves
789 1623 937 1688 redeunt.
981 1621 1043 1707 [6.]
1065 1622 1152 1688 Dein
1165 1623 1224 1688 ubi
1233 1624 1329 1715 justa
1338 1642 1421 1706 pue·

335 1720 402 1789 ris⁶
416 1724 506 1789 iacta
522 1729 608 1801 sunt,
621 1730 698 1807 post
712 1724 799 1789 diem
815 1724 949 1788 tertium
964 1723 1078 1789 ldoeus
1092 1722 1303 1807 supradictos
1314 1723 1420 1788 duces

335 1824 481 1890 accitum
494 1825 604 1890 venit:
626 1824 701 1906 quis
726 1824 946 1908 presentibus
962 1821 1139 1907 Lampus,d
1154 1824 1323 1906 ceterique
1337 1841 1422 1907 quo·

333 1944 404 1991 rum
427 1925 601 1995 consillum
621 1925 841 2008 praevalebat,
858 1925 966 1991 molta
987 1924 1162 2003 disserere,
1176 1931 1277 2007 atque
1300 1923 1420 1988 docere

264 2098 267 2103 ,
336 2046 378 2091 ea
393 2045 471 2111 quaa
490 2032 588 2090 antea
604 2029 697 2107 gesta
716 2010 840 2102 essent,
853 2032 977 2089 temere
993 2030 1027 2088 et
1045 2021 1257 2100 inconsulta,⁸
1270 2040 1339 2087 nou
1359 2039 1422 2104 per

335 2147 385 2206 se,
411 2127 535 2211 quippe
556 2127 625 2208 qui,
655 2125 814 2192 contemti
834 2124 1050 2208 despectique
1078 2143 1100 2188 a
1128 2123 1258 2208 regulis,
1281 2120 1420 2186 arbitrio

336 2228 445 2291 alieno
460 2235 606 2308 agerent.
651 2225 808 2291 Ceterum
822 2224 915 2307 quod
929 2243 1020 2289 mma
1034 2224 1195 2289 adversus
1214 2222 1355 2287 Graecos
1371 2229 1424 2285 tn·

334 2321 461 2399 iissent,
475 2343 542 2387 non
556 2331 678 2404 sponte
692 2323 836 2411 fectnmt
858 2341 1001 2406 namque
1010 2324 1069 2404 qui
1084 2325 1148 2386 sub
1161 2323 1300 2404 imperio
1315 2322 1424 2387 alieno

334 2427 477 2502 agerent,
495 2420 741 2500 expectendum
755 2422 818 2497 his,
842 2427 941 2503 atque
963 2421 1195 2501 exequendum
1210 2440 1286 2485 esse
1303 2427 1421 2484 nutum

333 2519 405 2600 ejus
420 2520 478 2602 qui
493 2524 623 2583 teneat.e
659 2517 713 2580 Db
727 2537 804 2602 quse
819 2517 956 2599 dignum
971 2536 1044 2582 esse
1059 2518 1197 2584 Graecos
1207 2515 1218 2554 f
1229 2518 1310 2584 data
1323 2518 1423 2583 uenia

791 2674 971 2699 nooeeoomo

335 2778 456 2842 onetpn.
468 2782 616 2841 tegmen—t
628 2778 703 2841 vulg.
713 2777 842 2827 &men
852 2777 1008 2826 tleoertmsst.
1034 2777 1087 2827 Ms.
1098 2776 1213 2826 Danielis
1221 2777 1329 2826 exterius
1338 2778 1425 2827 diuer-

337 2849 424 2892 tsntst.
459 2843 511 2892 Ms.
533 2841 629 2892 Peter.
650 2841 757 2893 nomes
775 2841 985 2891 numm-s
1003 2840 1099 2905 Delplr.
1121 2840 1306 2890 tumtum-lt
1327 2842 1424 2905 Delph.

821 2967 930 3020 NOTAE

368 3068 530 3118 'Utinm
543 3066 575 3115 sd
591 3080 620 3116 en
637 3064 723 3127 mic,
736 3063 788 3127 lc]
812 3063 859 3113 Uti
929 3071 941 3097 ⁰
967 3061 1065 3125 Penio]
1091 3062 1200 3112 Helene
1221 3070 1250 3113 st
1272 3061 1426 3125 Alexandri,

336 3159 422 3195 seeum
434 3158 465 3194 es
474 3143 559 3193 omnis
573 3148 695 3203 tentsret,
704 3146 858 3190 coneretur:
898 3152 961 3202 qnos
970 3152 1078 3189 esmerre
1090 3137 1163 3188 ruins
1173 3151 1252 3202 suprs
1262 3136 1373 3189 obtritos
1384 3151 1426 3189 re·

335 3227 365 3267 nt
387 3217 531 3268 Psllsdlutn
552 3215 665 3280 eripere,
685 3223 713 3266 et
729 3214 780 3264 slis
801 3227 859 3279 qus
897 3213 959 3264 lert.

337 3290 487 3341 usufcrsnt.
931 3288 1073 3352 tuem]
1100 3287 1195 3339 Nescio
1216 3300 1279 3339 rsus
1296 3286 1353 3352 quis
1374 3288 1425 3339 iste

367 3363 685 3428 'Mendimoetsrssq
703 3362 861 3413 Omniuoits
900 3361 1426 3429 ruentunpm‚enjmprsvstnnseecn-

283 3427 288 3437 '
337 3435 515 3497 scribendum
530 3452 589 3487 unm
604 3436 672 3501 quod
684 3437 758 3500 vulgo
769 3435 860 3485 edebe-
900 3436 983 3486 silium
994 3436 1066 3488 dicit.

338 3515 389 3568 ter,
399 3514 406 3535 ⁶
415 3510 557 3558 exercitum
565 3509 744 3570 deserturum,'
755 3524 859 3574 prorsus
930 3517 942 3544 ⁸
960 3511 1009 3568 Qut
1019 3513 1108 3575 mest]
1123 3512 1147 3561 1·
1157 3511 1201 3575 qui
1211 3511 1368 3566 dominetur:
1380 3511 1425 3575 qui

336 3580 473 3631 absurdum
484 3588 539 3631 ests
557 3596 606 3631 uec
621 3584 711 3633 melius
722 3585 748 3633 in
759 3584 859 3634 Danie·
900 3584 1034 3649 imperinm
1045 3585 1148 3634 hebent.

338 3653 790 3716 lirlibro‚‘exteriusdissertnrurn!
823 3656 860 3708 At
930 3658 942 3691 ¹
953 3660 1062 3720 Dim
1078 3671 1127 3708 eres
1143 3658 1251 3723 Grecos]
1275 3659 1425 3723 Dupliciter

336 3730 362 3778 in
373 3728 524 3791 Petsrlsno,
532 3727 665 3781 ‘esemins
673 3731 858 3801 dissertorum?
898 3737 947 3785 hoe
956 3742 1042 3797 potest
1053 3733 1170 3798 intelligi,
1178 3735 1200 3785 sl
1211 3735 1293 3797 dloss,
1302 3734 1425 3798 ‘dignum

339 3808 375 3856 At
387 3805 464 3870 psnlo
478 3813 538 3869 pest
552 3805 648 3858 diserte
664 3810 782 3860 Danielis
795 3809 860 3860 liber
898 3807 1028 3872 negotium
1038 3821 1096 3858 esse
1105 3808 1214 3860 Grecos
1222 3810 1357 3863 consulere
1368 3808 1425 3872 eis:

336 3881 423 3937 habet,
439 3880 515 3945 ‘quaa
526 3879 859 3947 sdvemuseospropstris
897 3886 946 3933 ito.
987 3883 1050 3945 Vel,
1078 3884 1198 3948 ‘dignum
1216 3899 1274 3935 erse
1295 3883 1427 3947 oracul

336 3953 638 4005 exertiusttnemtost!
671 3957 858 4022 ‘Exerts'pro
897 3971 944 4023 pro
961 3956 1097 4009 ‘Graecle’
1126 3958 1273 4023 ‘Dignum'
1291 3959 1360 4009 eninr
1380 3973 1423 4008 sc·

335 4032 467 4086 sudscter,
484 4026 652 4089 confidenter,
670 4042 729 4078 cum
747 4030 857 4080 sltercs·
896 4032 1014 4083 cnsstito
1024 4034 1150 4098 jungitur,
1162 4033 1344 4084 subintellecta
1354 4032 1423 4081 seili-

336 4109 423 4166 tione;
447 4105 576 4167 elegantis
593 4103 650 4166 ejus
669 4104 766 4155 seculi.
790 4106 857 4155 Mer·
895 4112 938 4156 cst
954 4108 1144 4173 propositione,
1160 4106 1238 4171 ‘per'
1255 4109 1297 4157 tel
1312 4106 1421 4156 ‘secon-

334 4200 380 4236 ειν.
894 4182 975 4234 dnm.5
