3052 4972
575 388 695 437 senua
722 389 870 441 naemu.
1223 380 1267 446 7⁷

170 535 264 606 urrdc
279 537 313 598 et
326 534 419 598 locus
434 530 610 596 dicebatur
624 532 843 613 gymnasium.
885 529 1014 606 Lucan.
1031 547 1098 594 vrr.
1116 532 1265 604 Pharsal.

169 637 252 700 27⁰.
295 633 437 698 Luciam.
452 633 489 696 in
500 628 740 712 Anacbaraid.)
749 636 930 708 ceromate,
941 630 978 694 id
992 637 1060 710 eat,
1072 632 1266 702 athletarum
1337 647 1342 658 '

173 735 252 798 oleo
266 733 405 803 inuncti,
418 737 457 796 ut
470 749 590 794 manua
604 729 751 794 fallerent
765 731 1094 813 apprehendentium.
1136 732 1263 802 Lucan.

1 839 2 904 1
111 901 124 910 „
175 831 496 898 rv.1³uarsal.613.
521 828 563 894 de
590 827 733 894 Hercule
755 830 933 894 luctaturo.
955 831 1094 908 Statius,
1111 849 1156 896 vr.
1178 835 1263 901 The.

173 930 270 995 baid.
284 932 361 995 830.
404 928 501 994 Unde
515 947 591 992 sese
604 929 747 996 invicem
761 948 862 994 mena
880 929 979 1012 jacta
993 936 1262 1016 conspargebant,
1371 975 1381 988 .

174 1037 215 1095 nt
244 1030 372 1095 lubrica
401 1045 541 1110 corpora
562 1027 796 1110 prehemioues
815 1029 1037 1095 admitterent.
1082 1029 1179 1098 Ouid.
1203 1051 1259 1098 rx.

175 1129 316 1195 Metam.
329 1129 383 1192 35.
398 1127 439 1192 de
453 1127 572 1192 eodem
588 1119 745 1194 Hercule.
790 1130 929 1213 Quippe
951 1131 986 1192 in
1007 1122 1100 1196 lucta
1114 1153 1151 1198 sc
1173 1134 1261 1199 iuvi·
1299 1187 1304 1196 .

174 1249 251 1295 cem
264 1249 330 1293 non
345 1229 572 1300 verberabant,
587 1227 650 1292 aed
673 1229 882 1294 solummodo
897 1230 1211 1312 complectebantur,
1225 1240 1263 1298 ut

170 1330 261 1394 alter
274 1330 416 1393 alterum
428 1327 520 1392 humi
536 1326 701 1411 dejiceret.
747 1329 788 1392 ln
803 1347 869 1411 qno
884 1329 1263 1410 presertimlaudmdm

170 1430 309 1506 athleta,
332 1430 391 1512 qui
416 1433 680 1504 concertantem,
708 1429 781 1492 aine
808 1429 954 1510 pulveris
983 1429 1080 1511 jactu
1108 1432 1262 1502 vinceret.

46 1527 50 1534 ’
173 1529 263 1594 Pliu.
280 1529 327 1592 H.
343 1527 423 1592 Nat.
439 1543 569 1592 xxxv.
581 1529 633 1591 ll.
647 1528 691 1591 de
707 1529 885 1612 Dioxippo
900 1526 1097 1592 Alcimachi.

220 1628 270 1692 Hi
285 1647 364 1692 vero
377 1630 558 1693 luctatores
571 1629 607 1690 in
620 1625 884 1708 Segestanorum
901 1625 934 1690 N
937 1645 1046 1692 ummo
1061 1633 1262 1710 spectantur,

174 1728 266 1813 apud
298 1727 471 1810 Begerum,
498 1727 661 1791 Thesaur.
689 1725 854 1791 Braudeb.
883 1725 917 1790 in
939 1723 1033 1790 Sicil.
1062 1726 1165 1793 Num.
1185 1731 1262 1798 370.

174 1831 293 1913 quales
304 1835 338 1892 et
357 1848 400 1891 ex
414 1826 668 1911 Aspendiorum
683 1827 787 1892 Num.
801 1846 821 1889 e
835 1825 958 1892 Patino
974 1845 1078 1910 nuper
1092 1829 1261 1910 dederam,

175 1930 220 1994 ad
234 1928 339 1993 ovid.
355 1928 493 1992 Heroid.
508 1927 561 1992 18.
582 1928 693 2011 Epist.
706 1936 743 1991 et
763 1927 944 2005 Martialis,
957 1943 1010 1992 ru.
1024 1930 1078 1992 55.
1090 1931 1125 1993 7.
1167 1930 1262 2008 Quos

177 2038 293 2093 tamen
312 2034 382 2090 arte
394 2032 428 2090 et
440 2027 604 2106 elegantia
623 2031 780 2109 cuperant
801 2027 1000 2092 luctatorum
1023 2025 1158 2105 Statum,
1173 2031 1264 2111 apud

179 2127 397 2202 Perrierinm,
409 2125 639 2208 Episcopium,
660 2133 853 2210 ceterosque
873 2124 1162 2192 Monumentorum
1176 2146 1264 2194 mar·

183 2242 377 2297 moreorum
390 2224 596 2290 collectores.

516 2436 623 2504 XIV.
668 2437 930 2506 NAUPLIUS,
965 2479 972 2492 ·

571 2585 651 2651 Lrn.
667 2603 718 2651 vr.
740 2587 831 2652 Can.
846 2587 879 2653 1.

175 2733 268 2800 ‘an
292 2734 460 2820 Nauplius
482 2737 589 2802 ultum
607 2738 650 2802 iri
673 2737 813 2820 cupiens
835 2737 1025 2804 Palamedis
1046 2755 1172 2815 necem,
1201 2753 1262 2824 per

216 2841 350 2900 noctem
365 2837 433 2917 igni
445 2836 534 2900 elato
546 2835 592 2900 ad
604 2855 647 2900 ea
665 2835 744 2901 loca
757 2835 942 2913 deflectere,
957 2844 1113 2921 unquam
1127 2839 1171 2904 ad
1184 2857 1262 2920 por·

217 2941 289 3004 tum
304 2934 480 3019 coegerat?

214 3051 433 3130 Nenenene,
457 3049 609 3136 Neptuni
631 3050 885 3136 etAmymonea
905 3053 1007 3129 tilius,
1027 3069 1088 3116 rex
1112 3049 1260 3125 Eubam,

173 3161 271 3235 pater
285 3152 489 3218 Palamedis.
533 3151 649 3230 Hunc,
663 3149 800 3236 Ulyesie
818 3161 903 3230 arte,
919 3151 1052 3238 judicio
1073 3148 1189 3230 iniquo
1202 3148 1264 3210 cir·

172 3259 397 3330 conventum,
411 3252 584 3336 lapidibus
598 3253 911 3319 numediani.
933 3253 1045 3329 Pater,
1056 3247 1261 3316 ulciscenda
1293 3327 1295 3329 ¹

175 3355 271 3418 neci·
293 3347 427 3431 aimus,
452 3351 622 3418 Graeciam
643 3353 833 3419 universam
852 3360 1056 3438 peragratur,
1074 3367 1262 3434 uxoresque

175 3451 374 3534 principum,
388 3453 450 3536 qul
464 3451 654 3536 ad'l'rojam
668 3453 865 3531 militabant,
879 3454 914 3517 ‘m
923 3451 1086 3537 juvenum
1098 3449 1262 3521 addimit

176 3549 319 3634 pellicit,
337 3551 482 3630 iutunm
507 3569 658 3636 aperaua,
681 3557 718 3618 ut
737 3551 957 3618 atrociarimie
979 3553 1024 3618 ob
1045 3551 1133 3618 hanc
1141 3551 1262 3635 jungite

175 3653 267 3714 inter
280 3669 339 3714 cor
351 3651 485 3730 anais,
495 3671 613 3718 necem
627 3651 817 3719 Palamedia
838 3653 931 3720 creda
947 3661 1065 3719 mutua
1076 3653 1261 3738 captarent·
1362 3637 1370 3654 ⁸

174 3749 356 3826 Praelm·
376 3751 517 3831 Grecis,
538 3773 658 3820 erema
670 3755 745 3838 jum
759 3755 874 3839 Troja,
893 3753 1106 3819 redeuntibus
1126 3747 1168 3818 ac
1180 3759 1261 3817 tm·

172 3855 315 3934 pestate
340 3849 579 3934 uocantibus,
602 3873 626 3920 a
652 3853 830 3936 Gaphareo
861 3851 1008 3950 Eundem·
1037 3849 1261 3937 promontorio

171 3953 288 4034 ¹3³⁰ss
304 3950 466 4030 “Mil
477 3955 686 4038 claeoemqoe
697 3961 856 4038 tauquam
878 3951 923 4020 ad
942 3955 1118 4019 adummm
1132 3956 1262 4035 portum

170 4050 435 4135 amaricantem
456 4053 488 4117 in
502 4053 704 4122 Gbneradum
725 4055 924 4140 aupermmoa
937 4055 1078 4138 pellexit
1092 4051 1263 4136 scopulosa

169 4172 427 4236 aerumuosoque
448 4157 629 4238 castigavit
655 4151 840 4237 mirante.
883 4154 931 4219 Ar
959 4154 1142 4233 intelligens
1170 4153 1262 4230 post·
