3010 4978
300 388 350 502 a
389 466 399 487 ⁰
421 524 426 531 ·
565 452 642 500 JAG.
667 451 857 499 ΗΒΙΖΟΝΙΙ
883 449 1131 499 nissuu'rm'tu

227 586 241 613 ⁴
267 651 270 658 .
298 544 409 675 Nero,
430 611 527 674 seque
550 612 590 657 uo
614 593 670 658 iiie
694 592 865 669 Claudios,
888 591 1021 656 Claudii
1037 590 1181 654 Neronis
1197 589 1381 654 nominibus

160 696 168 713 '
302 686 578 774 fnit-appellemur,
592 710 667 776 quse
682 692 814 759 nomina
827 699 862 757 et
881 693 913 755 in
935 692 999 756 bac
1021 690 1176 755 Historia
1200 690 1291 772 opnd
1313 689 1384 753 Me·

303 791 405 855 lolem
419 793 527 872 priore
540 793 616 857 loco
625 793 745 877 junctu
757 796 971 876 reperiuntur,
983 789 1083 876 εὑρέθη,
1097 791 1219 872 inquit,
1228 790 1271 852 aa
1288 798 1385 852 Ktae-

303 888 359 953 δίου
380 888 503 976 Nipavos
526 891 674 968 Βασιλέως
696 896 723 957 tr
745 892 884 978 κιβωτίῳ,
910 894 1101 957 ‘inventum
1124 890 1198 954 est'
1218 886 1281 954 boo
1300 908 1383 973 opus

302 990 447 1075 Dictyos
464 1000 631 1079 ‘tempore
650 995 784 1060 Claudii
800 993 945 1059 Neronis
961 992 1189 1077 Imperatoris,
1204 992 1239 1054 in
1253 989 1384 1054 ercule?

304 1091 395 1157 Hinc
404 1092 477 1175 jam
491 1094 628 1174 factum,
642 1104 681 1160 ut
694 1097 893 1179 posteriores
910 1093 1071 1171 Groeculi,
1083 1111 1149 1156 uno
1159 1090 1385 1172 oddesiguun-

303 1190 383 1255 dum
405 1192 494 1259 bnno
515 1195 753 1278 Imperatorem
775 1194 959 1260 defunctori
981 1193 1123 1269 nomine,
1138 1191 1230 1274 prius
1251 1189 1386 1273 potissi·

302 1309 394 1356 mnm
419 1295 626 1377 arripuerint,
641 1303 674 1358 et
692 1294 871 1359 Claudium
886 1293 1079 1376 simpliciter
1092 1292 1248 1368 dixerint,
1263 1297 1300 1354 ut
1313 1290 1385 1372 ipse

302 1391 383 1457 tacit
397 1391 540 1458 Meletos
563 1395 746 1477 posteriora
768 1396 856 1469 loco,
872 1395 929 1483 qni
952 1398 1059 1460 tumen
1081 1396 1151 1456 erut
1167 1391 1268 1457 Nero.
1313 1390 1388 1453 Fre·

303 1509 412 1574 quens
433 1493 489 1558 hio
510 1513 601 1558 error
613 1496 713 1558 etism
735 1494 825 1577 apud
841 1494 979 1558 Latinos
996 1493 1194 1574 Scriptores,
1208 1510 1252 1555 ex
1274 1489 1387 1554 iisdem
1489 1578 1490 1581 Ἴ

307 1590 523 1670 diversorum,
539 1594 601 1657 sed
615 1595 855 1677 proximorum,
871 1593 1112 1677 Imperatorum
1134 1591 1325 1655 nominibus
1338 1607 1388 1652 or·

304 1694 370 1754 ms.
414 1690 495 1774 lpse
510 1693 691 1757 Suetonius
718 1695 766 1757 ita
790 1694 917 1757 Neroni
940 1692 1054 1756 tribuit
1075 1692 1108 1753 in
1129 1691 1203 1773 ejus
1223 1690 1292 1753 vito
1313 1678 1403 1769 οορ.

303 1789 357 1853 17.
379 1811 456 1873 quoe
480 1792 613 1857 claudii
639 1798 742 1856 erant.
784 1790 874 1856 Vide
896 1790 1176 1871 elegantissimum
1201 1787 1389 1852 Brnmmeri

305 1888 585 1956 Commentarium
608 1892 652 1956 sd
675 1892 714 1956 L.
731 1890 894 1967 Cinciam,
909 1909 983 1972 esp.
1004 1891 1036 1952 5.
1080 1886 1174 1966 Quin
1195 1889 1285 1970 quod
1312 1906 1391 1970 pro·

304 1990 382 2074 pius
396 1992 541 2070 aooedit,
555 2012 654 2056 unum
673 1992 829 2073 idemque
850 1990 977 2054 SCtom
991 1996 1144 2070 tempore
1160 1986 1304 2051 Neronis
1318 1985 1390 2049 iao·

304 2097 388 2168 tum,
408 2091 535 2173 injure
556 2090 709 2157 Romano
731 2091 830 2155 modo
853 2089 1085 2163 claudinum,
1107 2088 1206 2150 modo
1228 2085 1393 2148 Neronia·

304 2208 397 2268 num,
410 2191 546 2268 dicitur,
561 2199 602 2254 ut
622 2192 738 2257 docuit
760 2190 801 2254 P.
817 2189 938 2266 Faber,
954 2187 1169 2252 Semestrinm
1183 2186 1242 2248 lib.
1260 2202 1287 2248 1.
1317 2205 1389 2268 cup.

305 2289 363 2352 nlt.
408 2291 531 2371 Neque
545 2292 680 2355 aliunde
703 2292 835 2356 videtur
848 2299 968 2365 ortum,
984 2288 1072 2369 quod
1094 2287 1191 2351 toties
1217 2284 1389 2349 Hadriano

304 2385 502 2466 simpliciter
530 2390 752 2463 ascribuntur,
776 2406 854 2469 quae
881 2389 925 2450 ab
951 2386 1119 2449 Antonino
1134 2384 1198 2447 Pio
1223 2391 1301 2448 sunt
1314 2402 1389 2466 pro·

305 2483 407 2560 lecta,
421 2484 512 2561 (vide
525 2485 699 2549 Bertrsndi
715 2484 815 2548 Vites
829 2485 853 2549 J
855 2485 993 2549 Ctornm
1008 2484 1044 2547 in
1058 2480 1176 2566 Gaio,)
1197 2503 1299 2566 qnam
1313 2478 1392 2567 quia

305 2602 367 2667 per
382 2583 597 2665 adoptionem
610 2583 774 2648 Antonini
796 2587 838 2650 ub
855 2585 1027 2649 Hadriano
1043 2585 1164 2649 foetam
1186 2585 1253 2649 hoo
1272 2585 1392 2649 Hadri·

305 2683 361 2748 oni
382 2702 503 2748 nomen
524 2682 678 2749 Antonini
702 2684 755 2750 Pii
776 2687 928 2766 genuinis
943 2684 1132 2749 nominibus
1148 2684 1229 2748 uddi
1251 2693 1287 2750 et
1309 2704 1391 2768 prue-

304 2784 394 2849 mitti
405 2784 542 2849 solebat
585 2783 665 2863 Qua
675 2785 789 2849 eadem
800 2805 934 2868 prorsus
944 2786 1071 2850 ratione
1082 2784 1182 2847 etium
1198 2784 1392 2849 Hadrianus

305 2902 396 2967 saepe
410 2884 548 2968 Trojuui
569 2887 698 2949 nornine
711 2885 914 2970 designetur,
931 2892 969 2951 nt
992 2885 1137 2950 ostendit
1160 2883 1334 2967 Rupertus
1348 2884 1390 2948 sd

305 2984 540 3069 Pomponium,
553 2985 596 3049 de
611 2985 669 3052 Or.
680 2985 768 3069 juris
781 3007 859 3070 ρος.
875 2988 926 3052 16.
941 2988 994 3052 17.
1009 2986 1061 3050 18.

351 3101 384 3147 ν.
407 3084 508 3163 Quod
534 3092 642 3150 autem
666 3086 758 3150 Nero
779 3088 1019 3169 potiusquam
1042 3085 1206 3149 Claudius
1225 3084 1323 3150 fuerit
1350 3087 1390 3162 is,

305 3187 411 3269 quiin
425 3187 487 3250 hao
503 3186 656 3250 Historia
667 3195 878 3265 memoratur,
890 3189 925 3253 id
937 3207 1014 3251 vero
1029 3205 1095 3250 uon
1110 3192 1237 3250 tuntum
1249 3206 1293 3250 ex
1307 3187 1391 3270 Sep-

305 3285 399 3348 timio
417 3292 530 3348 nostro
546 3285 667 3367 liquet,
683 3289 740 3368 qui
763 3288 883 3353 diserte
911 3288 1078 3352 Neronem
1103 3288 1264 3362 nominat,
1280 3287 1340 3350 sed
1357 3295 1391 3351 et

305 3383 476 3467 probabile
489 3390 601 3446 estex
618 3403 671 3461 eo,
686 3389 773 3469 quod
798 3388 942 3454 Mustelas
956 3408 1034 3472 pag.
1047 3386 1122 3452 322.
1145 3405 1241 3467 aeque
1252 3405 1293 3449 so
1309 3388 1392 3469 Sep

306 3481 433 3558 limine,
452 3481 680 3551 tertiodecimo
694 3486 910 3569 Imperatoris
924 3506 1011 3554 unno
1027 3487 1153 3571 Diotyn
1167 3487 1255 3549 buno
1276 3480 1392 3551 inveri-

305 3586 423 3646 tumet
436 3581 598 3664 prolatum
613 3585 669 3660 nit,
683 3586 786 3669 idque
809 3597 888 3672 post
908 3588 1039 3653 cladem
1059 3605 1119 3650 sen
1141 3592 1237 3649 terrae
1252 3593 1391 3663 motum,

306 3700 373 3764 quo
388 3683 529 3763 grauiter
548 3682 674 3749 efflicte
694 3693 772 3753 tuno
795 3690 895 3753 fuerit
907 3690 1022 3753 Creta.
1065 3684 1117 3749 Ea
1138 3690 1250 3747 sutem
1265 3689 1390 3767 optime

306 3782 503 3845 conveniunt
516 3783 551 3845 iu
565 3784 657 3848 illum
674 3805 739 3851 uon
754 3787 900 3867 Claudii,
914 3789 976 3853 sed
993 3786 1140 3851 Neronis
1154 3802 1286 3848 amum.
1319 3785 1388 3849 Ne·

303 3900 343 3949 ro
353 3883 451 3959 enim,
465 3891 503 3947 ut
513 3890 583 3948 erat
597 3884 740 3951 Musiois
754 3886 946 3953 Graecorum
960 3886 1085 3952 ortibus
1100 3885 1142 3948 ad
1153 3883 1319 3949 insanium
1334 3904 1390 3949 us·

305 4001 372 4065 qne
385 3981 528 4059 deditus,
542 3983 717 4065 profectus
730 3994 781 4050 est
796 4006 838 4050 eo
851 4006 937 4052 unno
952 3989 987 4051 iu
1000 3986 1181 4061 Graeeism,
1197 3991 1232 4048 et
1245 4004 1307 4067 per
1321 4004 1390 4049 om·

304 4082 363 4149 nis
376 4081 474 4147 isthic
497 4081 649 4147 ludorum
665 4087 848 4151 certamina
859 4107 900 4152 uc
915 4086 1121 4172 spectacula,
1136 4086 1171 4149 in
1185 4103 1290 4149 unum
1303 4084 1388 4148 buno

305 4202 428 4251 annum
439 4182 594 4250 consulto
610 4186 665 4253 rel
675 4185 777 4270 jussu
789 4188 897 4272 ipsius
912 4194 1043 4269 coactu,
1057 4184 1235 4254 circumiit.
1278 4183 1387 4262 Quom
