3010 4978
306 434 350 497 42
568 448 647 495 ruo.
672 444 861 494 rsnrzonn
888 445 1131 495 urssnarnrio

307 592 349 655 de
373 585 519 651 ‘AEthra’
542 589 662 651 comite
690 587 839 664 Helenae,
855 606 932 668 quae
953 586 1050 652 luerit
1070 591 1172 649 mater
1196 584 1328 661 Thesei,
1348 590 1380 649 et

306 708 383 771 quae
399 688 472 750 ideo
489 687 741 769 Demophoonti
756 687 879 750 Thesei
896 687 935 749 F.
946 690 1041 749 extra
1051 685 1198 750 ordinem
1207 687 1382 766 assignata,

307 804 358 852 ιν.
373 787 426 851 13.
445 788 576 851 redierit
594 794 671 870 post
686 796 821 869 captam
840 787 979 870 Trojam
993 786 1155 862 Athenas,
1170 785 1259 867 quod
1274 804 1296 848 a
1309 803 1381 848 vero

304 894 355 952 est
369 887 618 963 alienissimum,
628 896 662 951 et
674 887 748 951 ideo
758 886 830 970 jam
844 887 888 950 ab
903 888 987 968 ipsis
996 885 1176 950 Veteribus
1191 885 1382 966 explosum:

304 985 515 1051 de‘Castore
528 993 562 1051 et
587 987 745 1064 Polluce,’
767 987 907 1050 Helenae
927 985 1097 1062 fratribus,
1119 985 1227 1048 adhuc
1246 984 1384 1048 viventi·

196 1073 204 1082 ⁸
303 1088 369 1151 bus
383 1093 532 1151 extremo
546 1086 623 1152 belli
637 1087 774 1171 Trojaui
790 1105 888 1162 anno,
906 1102 959 1150 ιιι.
972 1085 1024 1150 25.
1042 1085 1084 1148 de
1112 1084 1291 1147 Memnone
1314 1081 1384 1146 ‘Ti-

304 1187 399 1251 thoni
416 1197 518 1270 atque
541 1186 700 1265 Aurorae,’
721 1208 792 1264 seu,
807 1196 847 1252 ut
868 1189 917 1251 ait
932 1203 983 1250 vr.
1008 1188 1061 1250 10.
1086 1184 1284 1248 ‘Hemerae'
1306 1182 1383 1257 lilio,

304 1289 362 1370 qui
377 1294 471 1352 ‘cum
485 1289 581 1353 Indis
591 1289 915 1371 atqueAEthiopihus
928 1290 971 1353 ah
986 1289 1078 1371 jugis
1094 1288 1238 1351 Caucasi
1249 1282 1383 1350 montis’

303 1387 441 1471 Trojam
464 1392 716 1467 venentius
760 1390 848 1453 Tum
865 1390 955 1471 quod
978 1390 1017 1453 10
1037 1388 1119 1452 dicit
1141 1393 1206 1451 ‘ex
1231 1385 1384 1461 Sidonio·

303 1507 374 1551 rum
390 1491 518 1570 regione
531 1488 540 1516 '
562 1496 691 1571 raptam
705 1490 747 1552 ab
759 1490 893 1571 Argivis
907 1506 947 1553 ιι.
969 1490 1021 1554 26.
1036 1491 1123 1573 quod
1139 1508 1186 1553 ex
1199 1487 1383 1561 Herodoto,
1453 1562 1458 1572 .

303 1607 398 1670 quem
414 1588 474 1650 lih.
488 1604 511 1650 ι.
527 1590 605 1670 ipso
621 1590 655 1651 in
670 1588 767 1651 initio
783 1589 900 1653 videas
916 1590 1026 1665 velim,
1041 1596 1076 1653 et
1096 1609 1170 1652 cum
1184 1596 1293 1653 nostro
1309 1606 1384 1651 con·

302 1688 399 1764 laras,
415 1690 571 1753 aberrans
586 1688 691 1752 nostri
706 1688 854 1751 auctoris
875 1690 1035 1752 memoria
1053 1688 1184 1752 videtur
1208 1688 1385 1751 sumsisse:

303 1788 445 1872 denique
459 1790 548 1877 quod
563 1788 746 1870 Telephum
760 1788 842 1852 facit
855 1788 982 1867 Regem
997 1787 1172 1851 ‘Moesiae'
1187 1790 1221 1850 in
1239 1788 1385 1870 Europa,

302 1887 389 1952 unde
403 1888 550 1953 difficilis
573 1895 664 1953 esset
687 1888 858 1969 navigatio
873 1889 1009 1971 Trojam
1032 1906 1158 1963 versus,
1180 1906 1240 1950 nec
1253 1888 1384 1952 institui

302 1990 478 2053 commode
503 1996 618 2072 posset
646 1990 711 2052 nisi
737 1990 832 2052 initio
856 1989 956 2059 veris,
980 1994 1182 2071 quapropter
1209 1995 1244 2050 et
1272 1987 1386 2052 Graeci

301 2088 377 2151 inde
399 2090 553 2153 redierint
565 2090 599 2152 in
615 2089 795 2164 Boeotiam,
809 2096 847 2151 ut
860 2088 909 2152 itn
920 2089 1066 2170 sequenti
1080 2089 1212 2151 demum
1224 2106 1322 2163 anno,
1338 2106 1387 2152 re·

301 2194 452 2268 petentes
463 2190 547 2253 hauc
558 2189 812 2270 navigationem,
822 2187 961 2271 TroJam
975 2188 1084 2270 ipsam
1095 2186 1286 2250 invaderent
1300 2202 1339 2250 11.
1352 2186 1383 2252 7.

301 2304 377 2349 cum
390 2289 486 2351 suerit
497 2289 554 2349 ille
577 2287 656 2349 Rex
672 2287 792 2368 Mysiae
807 2288 842 2350 iu
858 2286 954 2363 Asia,
984 2288 1125 2369 regionis
1141 2305 1216 2369 quae
1231 2289 1383 2369 proxima

301 2390 371 2444 erat
384 2383 507 2464 Trojee.
551 2383 640 2446 Vide
661 2385 710 2445 ibi
733 2383 870 2447 doctiss.
894 2385 1090 2464 Mercerum,
1107 2388 1164 2467 qui
1179 2395 1214 2449 et
1225 2386 1291 2450 ulia
1305 2406 1384 2468 pas-

301 2481 364 2542 sim
379 2482 562 2557 annotavit,
575 2482 676 2563 inque
696 2483 741 2544 iis
762 2483 861 2546 etiem
883 2485 970 2548 maie
985 2504 1031 2548 ex
1047 2484 1195 2550 Homero
1207 2487 1383 2571 descripta.

300 2576 349 2642 Ut
361 2578 446 2642 adeo
461 2586 583 2643 certum
607 2599 652 2643 ex
667 2579 762 2645 hisce
776 2583 927 2647 omnibus
941 2585 997 2659 sit,
1018 2584 1122 2649 luisse
1144 2605 1220 2649 eum
1235 2605 1301 2651 uon
1317 2607 1385 2652 mo-

300 2679 344 2742 do
365 2696 429 2741 non
457 2679 586 2743 socium
613 2681 709 2746 istius
737 2681 970 2765 expeditionis,
998 2704 1068 2768 quo
1090 2696 1193 2767 paeto
1215 2694 1281 2751 tam
1312 2709 1384 2771 gra·
1469 2680 1473 2691 ’

299 2780 383 2844 viter
397 2781 431 2843 in
450 2781 517 2844 illis
538 2800 642 2845 errare
665 2800 734 2845 non
749 2785 926 2865 potuisset,
942 2786 1000 2849 sed
1017 2789 1093 2868 ipso
1110 2789 1208 2851 etiam
1237 2788 1382 2854 Homero

299 2900 468 2947 seriorem.

343 2996 454 3045 xxiv.
477 2982 583 3048 Porro
606 2986 707 3049 etiam
726 2987 969 3067 quamplurima
989 2988 1163 3071 poetarum
1186 2999 1383 3069 commenta,

297 3083 380 3147 nihil
395 3088 464 3149 veri
481 3087 690 3163 continentia,
701 3092 734 3149 et
748 3093 859 3150 tamen
873 3088 941 3163 hic,
956 3091 985 3152 si
1006 3090 1079 3153 Diis
1094 3091 1217 3172 placet,
1233 3112 1294 3175 pro
1307 3112 1382 3159 vero

298 3185 396 3247 nobis
417 3187 597 3260 venditata,
620 3188 851 3251 auctoritatem
871 3190 957 3271 ejus,
978 3199 1014 3254 et
1034 3193 1180 3255 maxime
1202 3195 1384 3276 antiquita·

297 3290 365 3343 tem
381 3291 520 3357 tantam,
535 3302 674 3363 prorsus
695 3285 825 3350 elevant
845 3295 878 3352 et
898 3289 1079 3356 destruunt.
1122 3293 1207 3356 Tale
1230 3303 1283 3357 est
1307 3294 1383 3359 Pal·

298 3378 433 3453 ludium,
446 3400 512 3460 quo
528 3381 638 3444 ablato
659 3384 797 3448 exitium
818 3388 932 3471 Trojae
955 3391 1162 3457 immineret:
1188 3395 1306 3473 Equus
1322 3397 1382 3478 lig·

297 3495 388 3552 neus,
410 3478 506 3560 cujus
528 3482 561 3542 in
583 3481 695 3543 urbem
718 3483 896 3551 inducendi
922 3509 1026 3555 cansa
1048 3492 1183 3575 Trojani
1205 3492 1380 3561 confestim

297 3575 403 3657 primo
418 3577 482 3653 die,
498 3579 596 3659 qrrasi
608 3598 762 3661 magnum
776 3584 809 3647 in
824 3607 918 3652 mora
933 3591 1115 3671 periculum
1130 3596 1230 3665 esset,
1252 3601 1380 3673 portam

296 3680 330 3736 et
344 3694 456 3739 muros
479 3679 573 3742 urbis
595 3679 798 3762 dejecerint:
822 3687 911 3752 Muri
935 3690 970 3752 hi
993 3690 1070 3771 ipsi,
1093 3688 1265 3771 ‘Neptuni
1282 3703 1380 3779 atque

296 3772 467 3857 Apollinis
480 3782 712 3858 monumenta,'
726 3784 792 3850 hoc
806 3795 868 3861 est,
882 3790 924 3852 ah
940 3789 1007 3850 illis
1023 3788 1111 3866 Diis,
1127 3797 1163 3855 ut
1183 3790 1378 3874 fingebatur,

271 3875 478 3937 ‹exstructiz
503 3876 646 3943 Hecuba
671 3882 771 3947 Parin
794 3885 934 3961 edituro,
949 3888 1119 3952 somnians
1141 3910 1178 3953 se
1200 3911 1314 3974 parere
1330 3894 1379 3956 fa-

295 3990 379 4049 cem,
396 3993 464 4056 qua
478 3975 728 4060 conflagraverit
741 3982 855 4062 Trojn,
871 3987 1022 4068 exceptis
1045 3990 1174 4054 aedibus
1198 3990 1376 4055 Antenoris

295 4081 328 4139 et
343 4075 473 4152 AEneee,
489 4076 628 4161 ideoque
643 4081 818 4162 expositus
842 4089 921 4148 tuno
937 4085 1046 4165 Paris,
1066 4089 1168 4172 idque
1190 4098 1309 4172 posteo
1331 4111 1378 4155 re·

294 4174 402 4239 ferens
418 4177 490 4260 ipso
506 4178 659 4244 Priamus
675 4200 683 4243 z
707 4180 859 4247 Helenus
876 4184 1002 4277 Priami
1020 4189 1057 4252 F.
1073 4193 1139 4254 lata
1155 4189 1265 4273 Trojae
1280 4210 1376 4254 enun-
