3200 4972
297 388 366 454 Μ
652 394 816 446 nicusus
838 393 1050 444 OBR‘l'llllsslS

298 543 488 630 persuadet,
502 539 554 604 uti
567 537 672 603 fllium
686 538 864 603 Hectoris¹
877 544 992 602 neoet:
1003 542 1149 603 ceterum
1158 535 1403 604 Andromacha

299 665 335 710 re
358 643 500 724 cognita,
515 640 668 704 instantis
695 638 841 722 periculi
857 638 926 702 vim
952 638 1161 722 subterfugit,
1183 640 1311 704 anxilio
1338 660 1405 723 po·

298 743 464 828 pulerium
489 744 646 808 liberate:
669 740 738 824 qui,
762 741 912 805 miserati
933 739 1081 806 fortunas
1102 741 1187 824 ejus,
1209 742 1296 807 ultro
1320 741 1403 807 Me·

298 838 430 909 nelaum
453 844 666 910 contumeliis
690 844 869 925 prosecuti,
894 843 954 906 vix
978 862 1000 907 a
1024 843 1170 926 pernicie
1192 843 1257 909 viri
1280 846 1405 910 retenti

296 952 386 1010 sunt.
430 945 512 1029 [la]
533 945 669 1011 Interim
686 943 825 1008 Orestes
847 943 1028 1009 adveniens
1051 964 1118 1009 rem
1137 949 1293 1021 cunctum
1316 965 1404 1029 cog·

298 1047 420 1125 noscit,
449 1048 597 1113 hortetur
618 1045 821 1123 Menelaum,
843 1047 893 1110 uti
913 1052 1027 1128 empta
1047 1052 1230 1130 perageret,
1251 1046 1402 1130 ipseque

298 1146 417 1211 dolens
443 1153 646 1231 prereptum
671 1146 739 1212 sibi
763 1166 785 1211 e
807 1146 1035 1229 Neoptolemo
1061 1147 1258 1212 Hermionae
1283 1148 1403 1211 metri-

299 1248 458 1326 mouium,
473 1249 613 1313 insidias
626 1247 817 1313 advenienti
832 1266 949 1331 parare
965 1249 1104 1332 occipit.
1148 1248 1267 1330 Itaque
1283 1248 1402 1330 primo

299 1367 344 1412 ex
369 1348 422 1413 his
440 1368 528 1431 quos
551 1367 668 1414 seeum
690 1349 837 1414 habebat
858 1368 958 1432 quam
983 1348 1165 1413 fidissimos
1186 1346 1401 1429 speculatum

299 1447 342 1510 de
366 1448 511 1513 adventu
538 1446 750 1530 Neoptolemi
778 1448 932 1530 Delphos
957 1449 1067 1511 mittit.
1125 1446 1214 1525 Quis
1238 1446 1403 1533 cognitis,

300 1545 489 1628 Menelaus,
499 1549 605 1613 vitare
613 1548 845 1633 hujuscemodi
853 1548 984 1613 fucinus
993 1551 1141 1633 cupiens,
1150 1549 1307 1632 Spartam
1316 1567 1401 1613 eon-

300 1649 400 1714 cedit.
444 1649 510 1713 Sed
519 1649 589 1733 illi,
603 1650 662 1732 qui
671 1650 842 1732 ‚praemissi
857 1657 960 1728 erant,
969 1651 1119 1732 regressi,
1135 1649 1402 1734 Neoptolemum

300 1749 444 1833 Delphis
469 1768 545 1814 esse
569 1754 695 1832 negant
739 1748 853 1827 Quare
875 1756 1015 1816 coaetus
1036 1751 1172 1816 Orestes
1195 1752 1268 1835 ipae
1283 1749 1327 1830 ad
1342 1751 1401 1815 in·

300 1852 516 1933 quisitionem
532 1852 594 1916 viri
608 1850 789 1934 proiectus,
810 1869 877 1933 qua
890 1851 975 1916 ierat
997 1852 1051 1915 die
1071 1859 1220 1927 remeat,¹
1234 1858 1272 1916 ut
1285 1870 1400 1915 sermo

301 1953 471 2016 hominum
493 1952 670 2030 ferebatur,
691 1952 821 2032 negotio
844 1951 1008 2035 perlecto.
1029 2010 1033 2017 .
1052 1952 1142 2016 Dein
1164 1957 1244 2036 post
1265 1970 1401 2035 paucos

300 2052 375 2118 dies
389 2053 480 2119 fama
494 2052 665 2136 perfertur,
688 2052 843 2116 interisse
865 2049 1142 2136 Neoptolemum:
1164 2072 1306 2136 eumque
1331 2072 1403 2118 ser·

299 2172 397 2218 mone
412 2156 554 2220 omnium
570 2155 829 2219 circumventum
845 2153 978 2219 insidiis
994 2154 1124 2220 Orestis
1146 2174 1206 2239 per
1230 2154 1399 2238 populum

300 2253 549 2320 disseminetur.
593 2255 647 2320 Ita
666 2256 811 2340 juvenis,
836 2255 894 2319 uhi
918 2255 961 2319 de
977 2254 1104 2339 Pyrrho
1125 2257 1238 2339 palam
1262 2260 1325 2332 est,
1347 2273 1400 2318 re-

301 2359 399 2437 oepte
414 2356 611 2432 Hermiona,
634 2375 710 2438 quse
726 2357 793 2421 sibi
814 2363 914 2423 antea
936 2359 1106 2440 desponsa
1126 2366 1211 2435 erat,
1227 2356 1399 2437 Mycenas

301 2451 454 2519 discedit.
490 2455 628 2519 luterim
643 2454 768 2521 Peleus
782 2476 859 2522 euru
871 2458 1024 2537 Thetide,
1036 2458 1181 2541 cognito,
1199 2456 1331 2538 nepotis
1344 2456 1397 2518 in·

298 2554 412 2631 teritu,
438 2554 482 2618 ad
503 2556 787 2636 investigationem
809 2559 882 2642 ejus
896 2559 1048 2642 profecti,
1071 2563 1278 2641 cognoscunt
1293 2554 1396 2636 juve·

299 2674 374 2718 nem
389 2654 530 2738 Delphis
545 2655 738 2737 sepultum.b
760 2659 826 2737 Ibi,
840 2666 879 2725 ut
891 2680 967 2725 mos
981 2666 1062 2737 erat,
1071 2660 1168 2743 justa
1181 2656 1395 2740 persolvunt:

299 2760 572 2837 cognoscuntque
596 2755 631 2818 in
645 2757 697 2820 his
712 2750 799 2823 loeis
820 2761 984 2836 interisse,
1005 2761 1062 2824 nbi
1078 2760 1171 2825 visus
1186 2758 1324 2823 Orestes
1338 2778 1395 2822 ue·

299 2854 450 2936 gebatur.
493 2852 545 2918 Ee
565 2873 699 2939 reaper
724 2860 890 2943 populum
911 2860 1001 2925 haud
1026 2860 1170 2928 ereditur
1199 2859 1285 2923 adeo
1307 2879 1395 2942 prae·

300 2961 412 3019 sumta
427 2960 505 3021 ante
521 2955 594 3039 jam
609 2959 722 3041 opinio
744 2959 787 3025 de
801 2961 931 3027 Orestis
954 2960 1088 3025 insidiis
1109 2968 1305 3025 cunctorum
1320 2959 1394 3023 aui-

298 3058 363 3120 mis
392 3057 576 3123 inheserat.
621 3056 777 3126 Ceterum
801 3061 930 3141 Thetis,
960 3060 1018 3125 ubi
1032 3059 1250 3124 Hermionam
1279 3059 1393 3124 Oresti

295 3155 450 3239 junctam
464 3158 568 3237 ridet,
584 3157 864 3242 Andromacham,
887 3167 985 3246 partu
999 3160 1195 3244 gravidamc
1217 3181 1262 3226 ex
1277 3161 1394 3246 Neop-

789 3359 896 3412 NO'l'AE

330 3469 341 3494 ¹
359 3463 403 3513 Uti
411 3464 494 3528 ,titius
505 3468 631 3533 Hostors's]
646 3470 730 3522 Immo
741 3473 827 3537 potins
865 3471 927 3537 tusi]
937 3472 1264 3539 Euripldssseribitipsum
1274 3474 1395 3539 Pulsum,

299 3534 468 3623 Neoptolemi
479 3542 629 3592 Molossum.
865 3550 966 3600 monitu
980 3550 1107 3612 Thetidis,
1123 3550 1191 3612 spud
1209 3551 1323 3615 Delphos
1342 3553 1396 3602 Ne·

329 3616 342 3643 ⁸
359 3610 413 3666 st
423 3616 646 3679 metaurenses]
664 3620 724 3672 Nou
740 3623 827 3686 potnit
865 3626 1025 3689 optolsmum
1036 3624 1165 3689 sepelisse.
1185 3623 1265 3688 Apud
1277 3626 1395 3690 Delphos

298 3695 361 3770 ergo
380 3684 496 3745 Delphos
515 3689 667 3752 perseuirs3
690 3694 711 3744 's
730 3696 826 3746 Phthie
865 3708 952 3751 sutem
963 3701 1090 3764 sepultam
1107 3696 1188 3749 tutus
1203 3715 1292 3752 omues
1305 3710 1395 3754 sueto·

297 3770 365 3807 eorm
377 3757 824 3837 Deiphosusqueleuglorsiaqusm
865 3788 906 3824 res
932 3774 1046 3834 tradunt,
1067 3780 1165 3837 prater
1185 3775 1329 3839 Hyginum,
1350 3792 1392 3843 qu

296 3844 354 3895 qus
366 3831 408 3880 dle
423 3846 472 3882 nno
483 3843 530 3884 snt
540 3837 623 3888 altero
633 3842 726 3893 confici
738 3854 825 3912 quest.
864 3846 1084 3899 isb.12⁸.serlhit
1095 3848 1150 3913 ejus
1161 3863 1217 3900 osss
1228 3865 1277 3914 per
1286 3851 1394 3903 Ambra·

298 3905 341 3956 ΑΙ)
369 3905 491 3968 Enuprds
518 3909 597 3972 lgitnr
623 3912 753 3976 dissentit,
780 3922 824 3986 qul
864 3923 929 3972 elem
951 3935 1042 3984 sparsa
1059 3921 1153 3974 inisse:
1177 3934 1205 3975 et
1225 3925 1346 3988 Ovidius,
1370 3928 1393 3975 in

297 3981 387 4032 serihlt
403 3981 609 4044 Neoptolemum,
620 3986 647 4035 iu
661 3988 717 4051 ipso
728 3996 825 4057 templo
865 3994 906 4045 lh.
931 3995 1004 4045 ‘Nee
1022 4003 1068 4046 tus
1087 4012 1163 4062 quum
1179 3998 1274 4063 Pyrrhi
1290 3998 1393 4051 felisius

299 4055 439 4121 Delphico,
461 4057 494 4106 sb
513 4056 609 4109 Orssts
626 4068 656 4111 et
675 4062 733 4113 silis
754 4069 823 4118 oret·
865 4070 1179 4135 mquissesutspsrss
1187 4073 1394 4139 perhorrueras

298 4143 364 4181 snm.
862 4157 920 4210 que
925 4144 1034 4208 jacuere
1043 4145 1116 4196 viss!

329 4205 623 4271 *amomum
633 4207 822 4280 ussum
894 4220 1151 4287 sesamam]
1178 4221 1274 4287 rynel
1292 4229 1321 4274 et
1337 4220 1389 4273 sn·
