3200 4978
676 381 798 432 ΔΡΡΕΝ
806 383 888 431 DlX·

470 761 750 839 PASCASIUS
789 759 1103 854 GROSlPPUS,

653 1003 749 1056 vulto
765 1003 914 1062 NOMINE

380 1202 696 1297 GASPAR
761 1201 1201 1318 SCIOPPIUS,

371 1465 415 1526 lN
436 1465 672 1530 PARADOXIS
695 1467 935 1546 ultusultus,
955 1471 1149 1533 EPISTOLA
1170 1475 1207 1534 V.

243 1943 345 2008 Hrrrc
367 1965 468 2030 porro
491 1946 639 2030 judicari
661 1947 782 2030 potest,
804 1948 901 2031 cujus
923 1956 1008 2014 uotae
1031 1948 1147 2014 Critici
1170 1950 1248 2027 sint,
1269 1948 1328 2032 qui

243 2043 415 2111 historiam
435 2049 524 2113 Belli
544 2048 693 2132 Tchaui,
713 2069 790 2132 qum
812 2049 945 2114 Daretis
960 2049 1097 2133 Phrygii
1110 2068 1229 2114 nomen
1242 2067 1327 2132 pres·

244 2145 319 2224 lert,
334 2167 356 2212 a
369 2146 523 2242 Cornelio
537 2149 674 2234 Nepote
690 2151 813 2216 Latine
826 2169 1021 2216 conversam
1037 2169 1208 2216 censuere.
1251 2148 1328 2212 Ele·
1409 2175 1412 2180 ·

244 2248 355 2328 gautia
368 2248 453 2334 Stgli
467 2249 586 2316 ductos
598 2253 632 2317 id
647 2252 767 2318 facisse
779 2251 951 2317 Johanues
967 2251 1108 2332 Savarc,
1129 2251 1231 2317 homo
1245 2247 1329 2314 Cul-

244 2347 307 2426 lus,
323 2348 465 2432 judicat
509 2351 612 2418 Haud
636 2353 706 2419 vidi
728 2355 854 2436 magis:
876 2351 953 2420 curu
975 2353 1033 2438 qui
1052 2353 1109 2418 vel
1130 2350 1328 2436 primoribus

123 2481 127 2490 ·
239 2447 344 2514 labris
372 2451 476 2517 honos
504 2452 701 2520 latinitatis
731 2467 886 2521 auctores
912 2454 1036 2538 attigit,
1066 2453 1237 2520 historiam
1261 2455 1330 2516 tam

239 2549 436 2618 lutulentam
448 2572 515 2620 unu
535 2556 604 2621 nisi
618 2557 663 2620 ah
675 2555 807 2622 homine
827 2555 1069 2634 indoctissimo,
1089 2555 1147 2640 qui
1160 2572 1222 2618 nee
1234 2551 1330 2618 mini·

240 2671 333 2717 mum
346 2653 458 2720 larini
471 2657 636 2722 sermonis
651 2664 784 2738 gustum
796 2677 943 2742 unquam
963 2656 1120 2736 hauserit,
1145 2654 1247 2720 scribi
1269 2671 1328 2736 po·

243 2752 347 2818 tuisse
374 2757 489 2820 statim
519 2765 701 2840 agnoscat:
737 2758 788 2822 ita
815 2758 850 2821 in
876 2758 1028 2823 omnihus
1056 2754 1199 2840 pagellis
1225 2771 1268 2817 ea
1292 2771 1331 2817 se

240 2851 394 2935 offerunt,
410 2877 485 2941 qua
500 2863 555 2921 τῶν
571 2858 711 2939 assuentes
726 2861 874 2925 claustra
886 2859 1059 2941 resipiant,
1081 2863 1139 2922 aut
1151 2855 1330 2921 Actuaric-

239 2975 313 3022 rum
327 2957 497 3024 cancellus
512 2978 619 3043 nuper
632 2960 812 3026 admodum
826 2959 997 3040 refregisse
1007 2957 1187 3022 videantur.
1233 2955 1331 3021 Faci-

239 3056 308 3122 lius
323 3059 429 3125 multo
439 3059 695 3144 intelligentibus
709 3061 810 3148 fidem
824 3059 994 3134 fecissent,
1016 3058 1047 3120 si
1064 3056 1238 3120 historiam
1252 3057 1331 3120 alte-

241 3176 322 3239 rum,
335 3159 433 3243 cujus
448 3159 571 3243 Dictys
583 3160 756 3228 Cretensis
769 3165 886 3227 auctor
900 3157 1100 3233 inscribitur,
1108 3155 1152 3221 ad
1165 3155 1331 3237 Nepotem

243 3260 441 3340 retulissent,
456 3261 583 3346 quippe
598 3264 642 3329 ad
658 3265 754 3350 cujus
767 3265 845 3349 styli
854 3257 1104 3328 similitudinem
1112 3257 1171 3321 illa
1178 3255 1330 3340 proxime

244 3359 386 3438 meanis,
401 3365 439 3425 ut
451 3363 585 3428 omniuo
598 3363 735 3444 Velleii,
750 3364 879 3431 Valerii
892 3359 1046 3438 Maximi,
1054 3367 1090 3425 et
1099 3357 1204 3424 Curtii
1216 3365 1330 3434 etate,

244 3459 412 3543 abaliquo
423 3461 584 3546 elegantis
593 3464 714 3549 ingenii
722 3475 759 3532 et
767 3466 889 3550 judieii
903 3463 1048 3541 homine,
1064 3461 1167 3526 animi
1182 3459 1289 3543 gratia
1299 3467 1332 3527 et

243 3559 506 3642 exercitationis,
520 3563 647 3649 scripta
661 3565 823 3648 rideatur,
837 3567 902 3632 etsi
919 3563 1086 3631 nonnullis
1100 3562 1188 3628 locis
1204 3563 1332 3648 aliquid

241 3660 325 3726 mali
340 3679 363 3724 a
377 3661 463 3727 mala
477 3665 508 3728 ei
522 3665 688 3751 objectum
703 3676 756 3733 eat
769 3685 882 3746 mauu,
896 3667 987 3750 quod
1000 3673 1034 3730 et
1043 3664 1124 3729 belli
1134 3663 1333 3730 Alexandri·

242 3759 277 3826 ui
300 3761 464 3846 scripturi,
486 3772 522 3830 et
544 3767 619 3834 aliis
641 3775 803 3852 praeterea
821 3769 969 3850 contigit.
1012 3765 1131 3830 Josias
1153 3763 1333 3843 Mereeros,

242 3860 390 3927 virsano
405 3883 532 3950 magnas
546 3867 743 3934 eruditionis
758 3869 895 3952 acrique
909 3868 1053 3952 judicio,
1068 3865 1257 3950 peririroiis
1272 3865 1332 3930 dn·

242 3961 327 4028 citur
352 3969 564 4048 argumentis,
588 3976 625 4035 ut
648 3987 722 4036 eam
743 3973 820 4052 post
837 3966 1048 4034 Constantini
1064 3967 1198 4032 demum
1215 3963 1332 4047 Magni

240 4069 374 4130 aetatm
387 4068 548 4152 scriptam
562 4075 664 4152 putet.
708 4055 845 4134 Scilicet
869 4069 903 4132 in
926 4068 1119 4152 praelatione
1142 4065 1331 4133 Consularis

240 4163 351 4232 Crete
366 4167 405 4233 tit
419 4170 555 4248 mentio,
571 4191 648 4254 quse
663 4171 793 4255 imperii
808 4170 995 4256 appellatio
1009 4175 1060 4234 cst
1074 4166 1244 4234 recentior.
1284 4168 1331 4232 At
