3176 4976
504 376 553 421 nn
576 374 695 422 nunno
718 368 892 425 rnorauo
918 374 988 424 ern.
1013 378 1064 428 rr.
1225 334 1240 371 ³
1262 364 1325 429 181

237 514 397 582 AEacides
413 517 622 602 Colchusque
632 518 735 601 ¹pares
752 540 760 583 :
782 518 910 601 quippe
926 519 1014 583 altus
1030 522 1161 605 utrique

237 618 356 682 Gentis
369 619 486 696 honos,
501 621 592 702 regni
606 638 723 702 aequus
735 638 842 703 apex:
863 629 899 682 nt
911 620 1018 703 major
1029 622 1155 687 Achilli

236 719 350 801 Spirat
359 740 450 784 amor
464 722 551 796 belli,
568 719 710 783 Calchas
724 720 932 803 tranquillior
946 723 1035 785 extis

236 820 410 884 Evolvisse
427 822 534 897 Deos,
549 828 583 884 et
598 821 676 883 coeli
696 838 794 883 nosse
808 827 950 884 meatus.

235 918 320 984 Tres
334 924 405 986 uuit
414 921 525 1004 jorata
538 921 635 998 fides,
649 921 820 985 consortia
833 921 941 1004 prima
1260 927 1327 992 270

234 1021 371 1085 Tertius
386 1031 484 1103 auget
496 1042 598 1098 amor,
613 1041 674 1085 nec
680 1022 754 1106 jam
767 1024 911 1105 partitus
926 1025 1069 1088 amicum

235 1121 365 1188 Invidet
380 1123 569 1199 Actorides,
582 1122 640 1186 sed
656 1130 791 1205 pontum
807 1123 912 1187 lenior
926 1125 1034 1189 haurit

236 1222 280 1289 Et
293 1225 444 1289 reducem
461 1232 596 1308 torquet
605 1225 699 1288 socio
714 1222 902 1288 Calchante
917 1227 1071 1290 cannam.

278 1325 326 1388 Ut
339 1326 506 1410 tripodum
523 1326 659 1408 vulgata
672 1325 755 1389 fides
769 1345 829 1408 per
843 1330 963 1403 castra,
980 1348 1040 1411 per
1054 1329 1179 1406 urbem,

235 1425 301 1490 Per
318 1445 462 1510 puppes,
477 1432 568 1492 certo
584 1428 658 1510 jam
674 1427 795 1492 claruit
809 1428 930 1505 indice,
947 1435 1084 1494 cunctos
1260 1431 1326 1497 275

235 1527 331 1591 Bella
340 1527 472 1609 juvant,
488 1529 619 1592 cunctis
629 1528 702 1611 jam
718 1530 893 1613 pulchrum
909 1531 1060 1611 vincere3
1083 1531 1210 1596 turdum

236 1627 347 1693 Marte
364 1628 451 1695 frui:
473 1630 579 1695 munit
594 1650 696 1713 eques
711 1632 823 1707 armis,
838 1637 940 1695 nanta
955 1632 1117 1703 ceruchis,

233 1727 329 1793 Civis
341 1751 450 1795 messe
460 1740 569 1795 rates:
593 1732 704 1812 pauci,
719 1751 805 1813 qnos
821 1731 932 1795 debile
947 1738 1069 1814 pectus

238 1829 338 1894 Mens
354 1831 495 1913 plebeia,
512 1832 629 1913 jacens
643 1830 786 1905 animus,
801 1831 932 1893 nescire
947 1830 1131 1911 triumphos

235 1929 259 1993 J
261 1932 358 2007 ussit,
373 1940 409 1994 et
422 1930 544 2013 ahjecti
558 1929 674 1992 mersit
688 1929 828 2009 caligine
839 1927 910 2005 fati,
945 1956 948 1961 ·
1262 1931 1327 1995 280

236 2029 308 2091 Aut
322 2030 411 2092 acies
425 2034 590 2103 metuunt,
606 2032 664 2089 ant
677 2027 763 2089 lente
777 2028 907 2090 vincere
918 2026 1076 2091 damnant

235 2127 352 2208 Longa
366 2128 559 2192 decennalis
574 2127 681 2191 mensi
697 2125 872 2209 dispendia
883 2127 985 2191 belli:

136 2296 138 2300 ,
234 2226 319 2291 Cum
334 2245 436 2290 casus
445 2226 570 2292 cedant
582 2228 679 2305 varii,
695 2246 770 2290 curn
785 2227 902 2311 proelia
916 2228 1012 2304 unlli,

234 2326 403 2410 Sanguine
422 2347 496 2392 oum
509 2329 612 2394 multo
628 2348 811 2412 paucorum
826 2329 932 2412 gloria
946 2329 1067 2394 vincat.

690 2540 866 2562 'mmm

269 2625 318 2671 m
335 2622 425 2671 latior
436 2622 487 2672 llis.
501 2637 583 2687 marg.

725 2736 832 2788 NOTAE

263 2854 310 2900 m
329 2851 411 2899 Nesto
421 2850 537 2913 emin]
555 2848 692 2900 Antennis.
709 2851 759 2899 Lu·
800 2850 904 2911 cedunt,
916 2848 984 2912 quod
996 2848 1092 2898 Nostro
1103 2847 1326 2914 frequerrmunrs·

229 2940 324 2975 cauus:
342 2927 467 2975 ‘instabit
485 2927 589 2975 sumruis
607 2926 691 2975 mittor
702 2939 760 2973 ttrss
801 2932 851 2974 tur.

230 3001 576 3064 ceruchis,'lih.vrrr.etx·‘
586 3001 760 3061 Transtraque
832 3000 880 3046 28⁴
896 2996 1019 3058 Samius
1039 3013 1092 3047 eser
1112 3001 1185 3048 mlo
1198 3015 1327 3061 prrsum

231 3086 366 3126 nsutsrurn
378 3077 520 3141 summique
531 3090 617 3125 arsere
637 3073 761 3125 cerseuil
798 3072 875 3132 glorio
900 3070 991 3132 uiuet]
1024 3070 1192 3120 Verissimum
1218 3074 1327 3122 dicture.

230 3151 288 3198 vsi.
296 3151 382 3199 Fisus·
393 3163 412 3198 t.
429 3152 586 3212 ‘Temperet
597 3157 626 3198 ut
637 3149 760 3198 tremulos
801 3147 860 3197 Hoc
882 3145 1009 3209 estquod
1029 3147 1112 3196 Clitus
1128 3145 1197 3208 spnd
1209 3146 1327 3199 certium

231 3224 327 3273 Zethss
338 3218 469 3287 trstesque
481 3222 620 3273 ceruchos!
653 3222 760 3271 Grotius
800 3224 844 3274 lib.
857 3235 920 3272 vtrr.
945 3220 1033 3269 ‘Male
1050 3220 1190 3269 instituisse
1208 3219 1328 3285 Grecos,

231 3298 356 3345 deseres
367 3298 392 3344 in
405 3300 550 3347 summittis
561 3298 622 3346 msii
632 3297 701 3361 spud
712 3299 760 3347 Lu·
800 3297 868 3364 quod
881 3294 985 3360 tropei·
1002 3309 1092 3358 regum
1104 3293 1231 3342 duntssst
1249 3295 1328 3343 couri.

232 3384 323 3420 cenum
338 3370 475 3433 inteiligit3
492 3384 655 3433 egaeomus
671 3381 761 3421 suten·
800 3390 834 3424 ns
845 3372 1023 3431 inscriberent,
1033 3369 1192 3419 slienoeniru
1203 3369 1327 3431 sunguine

233 3459 332 3509 numm,
353 3447 421 3510 quod
438 3446 545 3495 nominis
563 3445 656 3509 probet
675 3448 762 3496 sonci·
799 3457 900 3513 purtem
921 3447 1027 3512 gloriam
1050 3444 1170 3508 intercipi
1180 3444 1198 3493 ε’
1213 3459 1271 3509 quae
1293 3456 1327 3494 ex

235 3521 306 3570 lium.
339 3520 413 3583 virg.
429 3520 550 3569 ‘Cornus
561 3520 704 3568 retstsruru
716 3520 762 3570 oh·
801 3524 923 3588 Euripide
934 3537 985 3573 non
996 3522 1028 3570 sd
1040 3520 1145 3570 verbnm
1156 3528 1216 3569 sunt
1226 3521 1326 3569 desunt·

233 3594 555 3646 rertiruussntenrrsruor.'
586 3587 762 3645 (llusssriuru's
800 3605 835 3662 ts,
855 3600 902 3648 sed
922 3599 954 3648 sd
978 3611 1092 3663 persona
1112 3596 1284 3647 conditionem
1298 3604 1327 3647 st

231 3671 316 3737 ‘elpes
325 3672 419 3734 πλοίου,
432 3670 563 3722 eatenus?
801 3687 855 3722 reru
877 3674 1009 3723 commode
1032 3679 1205 3732 transuersum
1232 3672 1269 3721 its
1296 3676 1327 3721 nt

264 3752 312 3798 288
331 3748 553 3796 emmaum
563 3744 761 3808 meipsam·
799 3747 897 3797 t‘rnstru
931 3747 1037 3797 hodntis
1062 3748 1177 3796 Curtium
1213 3748 1327 3796 lancinet

231 3825 265 3871 tis
283 3823 354 3887 suth]
374 3823 449 3872 Prius
468 3822 601 3885 AEsehylus
622 3820 716 3884 prohat
733 3823 760 3871 in
799 3821 905 3871 Miscel.
917 3835 944 3870 v.
956 3825 995 3870 17.
1028 3821 1096 3871 Vide
1113 3823 1280 3871 Plutsrelronr
1298 3822 1325 3871 lu

231 3900 308 3962 Trsq.
319 3907 419 3963 septem
432 3908 522 3947 contre
531 3899 610 3949 Theb.
626 3898 725 3961 lmese·
735 3900 761 3948 ir
802 3895 1092 3946 vitellios-Victoriam
1101 3898 1253 3946 ustum.
1271 3894 1326 3944 Ho-

231 3973 312 4029 κύβοις
330 3974 402 4037 Ἄρηι
422 3975 501 4034 κρινεῖ.
534 3973 576 4023 ‘0
592 3977 666 4022 veris
681 3980 759 4038 etque
800 3973 858 4023 retii
870 3975 896 4022 in
906 3971 1039 4021 adversere
1050 3979 1151 4035 purtem
1163 3970 1226 4021 iilud
1237 3977 1326 4021 uotum

230 4049 341 4109 incerte,
350 4049 420 4097 reiut
430 4048 547 4113 quedem
556 4048 679 4097 bellorum
687 4047 761 4109 sles,'
800 4054 857 4097 est:
874 4049 882 4076 ⁸
893 4047 1022 4111 Quicquid
1033 4044 1161 4109 delirent,’
1169 4048 1217 4094 erc.
1241 4044 1282 4094 De
1289 4045 1326 4096 A·

230 4128 278 4173 διο.
313 4124 438 4186 Hegesip.
459 4137 485 4173 r.
504 4126 544 4171 ⁸⁰.
569 4124 601 4172 ln
623 4121 761 4187 pesterlerl
800 4119 1326 4187 grippssiruilequldinprrerogstirsqlo·

229 4200 330 4263 prussia
349 4197 452 4247 melius:
470 4197 517 4246 nisi
531 4199 615 4248 esdust
637 4212 685 4263 pro
703 4213 760 4246 sue·
800 4195 1327 4262 rireeuertatxiphilinusexlliunus'rx.

296 4280 384 4344 Dslpi.
395 4286 420 4330 et
430 4280 563 4330 Vuaclus.
679 4279 746 4343 nur.
758 4280 874 4341 cumqe.
1202 4279 1217 4323 2
1234 4274 1260 4323 l·l
