3010 4978
315 423 360 489 28
574 440 653 488 rac.
677 436 869 487 ernrzonn
895 437 1143 487 orssnnrsrro

317 583 407 646 sicut
421 580 561 657 Helena,
575 580 696 644 luerint
709 585 829 663 raptus,
848 585 883 644 et
905 577 982 643 ideo
1003 579 1130 660 potius,
1143 586 1304 659 tanquam
1318 577 1400 641 vilia

316 699 469 763 corpora,
481 681 517 744 in
537 682 726 746 servitutem
748 680 919 745 videantur
938 679 1106 755 abductus,
1120 678 1197 761 quis
1211 677 1285 740 lroec
1301 678 1400 741 verbe

314 780 462 845 historiae
475 800 578 864 parce
593 781 682 845 adeo
697 780 866 863 expositae
889 779 987 843 aliter
1008 779 1188 861 occiperet,
1209 795 1310 860 quum
1326 776 1400 841 Me-

315 880 450 945 neluum
462 880 570 946 luisse
584 883 695 946 animo
710 887 956 945 constemctum
971 880 1016 944 ob
1031 879 1195 963 injuriam,
1208 897 1309 961 quem
1324 897 1402 960 pes·

314 1001 363 1046 see
378 980 498 1045 suerint
512 1001 553 1046 eo
566 987 664 1063 raptu
678 982 826 1045 illustres
840 981 906 1045 illae
918 980 1089 1044 foeminael
1120 978 1166 1042 Et
1184 979 1285 1042 miror
1309 996 1400 1054 sane,

315 1079 397 1144 nihil
412 1099 547 1162 prorsus
567 1082 667 1146 isthic
682 1100 702 1145 a
717 1100 885 1163 quoquam
900 1099 942 1144 ea
957 1078 998 1143 de
1011 1098 1046 1142 re
1060 1085 1268 1143 cunctatum·
1311 1077 1400 1142 Num

317 1184 403 1244 cerlo
418 1180 518 1263 longe
531 1182 626 1246 aliter
638 1201 674 1246 se
689 1201 743 1246 res
761 1182 893 1259 habuit,
909 1187 944 1246 et
958 1181 1099 1246 Graecus
1113 1180 1170 1244 ille
1191 1178 1314 1261 Dictys
1338 1179 1402 1242 liis·

315 1280 437 1343 toriam
451 1280 549 1358 hanc,
563 1300 627 1344 non
651 1282 745 1347 aliter
758 1282 903 1365 quidem,
923 1280 982 1344 sed
1001 1281 1173 1363 copiosius
1188 1284 1298 1344 tamen
1312 1298 1402 1343 enar·

315 1380 413 1458 ravit,
428 1380 506 1445 dum
521 1400 585 1445 non
601 1384 725 1461 omisit,
740 1388 779 1447 nt
790 1390 902 1447 noster
915 1382 1111 1464 Septimius,
1124 1381 1402 1458 circumstantias,

317 1480 508 1561 exquibus
529 1482 621 1545 illius
644 1482 820 1565 ‘iujuriae'
842 1489 876 1546 et
901 1481 1220 1546 ‘consternationis’
1241 1481 1329 1544 ratio
1345 1499 1403 1563 ep·

315 1586 461 1662 pareret.
505 1580 604 1658 Nam,
631 1586 667 1644 ut
695 1601 740 1645 ex
769 1579 899 1645 Mulelu
926 1581 1081 1645 norimus
1103 1582 1162 1645 lib.
1178 1597 1212 1644 u.
1236 1600 1315 1663 pag.
1330 1582 1402 1646 119.

317 1679 416 1744 Paris
429 1699 490 1763 per
503 1679 652 1745 AEtlrram
666 1691 702 1744 et
715 1680 895 1765 Clymenen
916 1681 1085 1762 ‘corrupit
1098 1679 1108 1706 ⁹
1129 1678 1322 1765 (tendimns)
1336 1680 1404 1746 He·

317 1781 437 1859 lenm,
452 1784 485 1844 et
498 1768 655 1845 ita‘ultro
677 1781 907 1845 hae·rriulieres
922 1799 1000 1844 cnm
1021 1779 1155 1844 Helena
1169 1780 1212 1843 de
1235 1781 1360 1845 Paride
1372 1782 1404 1844 in

316 1880 428 1962 lugam
451 1901 490 1945 se
511 1880 684 1944 dederunt.
727 1879 819 1944 Hinc
840 1880 912 1962 jam
933 1880 1023 1962 epud
1048 1879 1208 1945 Melelem
1237 1884 1405 1963 pag-120.

318 1980 506 2059 Menelaus,
516 2000 590 2045 cum
603 1982 820 2045 intellexisset
833 1982 921 2045 hunc
934 1988 1066 2064 raptum
1080 1985 1114 2043 et
1126 1980 1251 2063 fugam,
1266 1982 1360 2043 stetit
1374 1987 1406 2044 et

317 2084 438 2147 mansit
452 2079 659 2163 aliquamdiu
687 2086 848 2164 ‘stupore
863 2079 1023 2144 defixusr’
1043 2080 1115 2142 πολὺ
1136 2084 1197 2166 γὰρ
1218 2079 1336 2156 ἐλυπήθη
1361 2082 1405 2141 int

317 2183 367 2258 τὴν
390 2179 502 2266 Αἴθραν·
532 2177 562 2257 ἦν
584 2182 646 2267 γὰρ
672 2179 783 2266 ἔχουσα
804 2178 941 2257 ὑπόληψιν
965 2180 1031 2265 παρ’
1052 2183 1130 2264 αὑτῷ
1151 2179 1292 2266 σώφρονος
1314 2179 1403 2243 savo:

318 2281 577 2345 ‘multumenim
599 2283 709 2344 animo
734 2289 919 2345 commotus
943 2291 998 2344 est
1019 2283 1053 2344 in
1068 2279 1261 2357 tristitiem,’
1275 2281 1405 2345 scilicet

318 2378 553 2459 iree,‘propter
561 2378 1040 2442 AEthramrexcitaveratenim
1052 2380 1111 2443 ille
1119 2381 1185 2442 sibi
1196 2380 1284 2463 apud
1295 2382 1403 2463 ipsum

319 2476 600 2539 existimationem
612 2476 759 2540 loeminae
774 2496 910 2560 prorsus
921 2487 1026 2543 castae
1038 2488 1074 2542 et
1087 2479 1224 2563 probor-⁹
1245 2481 1405 2545 Videmus

318 2574 406 2650 hinc,
432 2594 535 2659 quare
557 2574 608 2639 itu
629 2576 754 2641 ‘multo
783 2580 926 2660 emplius
946 2580 990 2643 ob
1011 2580 1163 2661 injuriam
1187 2600 1325 2645 suarum
1340 2579 1407 2643 alli·

318 2676 410 2739 nium
431 2677 681 2742 consternatus’
701 2678 808 2743 fuerit'
821 2678 1007 2757 Menelaus,
1027 2688 1095 2744 turn
1123 2700 1200 2764 qum
1225 2681 1290 2747 illa
1312 2682 1408 2745 luerit

318 2795 430 2848 esrum
444 2777 608 2860 ‘injuria'
627 2780 771 2859 scilicet,
794 2800 859 2846 non
883 2800 984 2865 quarn
1010 2801 1121 2866 passee
1144 2802 1166 2847 e
1191 2783 1329 2861 Paride,
1348 2780 1406 2845 sed

319 2895 421 2960 quam
435 2868 582 2944 lecerunt
604 2880 774 2960 Menelao,
789 2882 869 2948 dum
890 2884 1007 2949 furtivi
1021 2884 1143 2948 amoris
1157 2884 1241 2947 inter
1257 2884 1358 2949 Parin
1372 2892 1405 2946 et

320 2977 486 3044 Helenam
500 2979 630 3047 fuerunt
643 2984 851 3048 internuntiae
865 2991 899 3048 et
909 2983 1161 3059 conciliatrices,
1172 3003 1214 3048 uc
1223 2982 1304 3047 dein
1317 2986 1402 3062 fuge

319 3081 502 3165 adjutrices
518 3089 554 3146 et
568 3086 716 3162 comites,
731 3085 823 3168 quod
836 3091 871 3149 et
885 3083 1029 3148 Ovidius
1043 3085 1077 3148 iu
1093 3085 1255 3166 Epistolis
1273 3085 1402 3150 Paridis

324 3188 358 3247 et
373 3183 524 3247 Helenes
546 3183 633 3247 hand
658 3186 798 3249 obscure
820 3184 1001 3266 significet,
1015 3184 1075 3248 sed
1091 3185 1187 3267 cujus
1203 3187 1331 3251 nullam
1353 3182 1402 3247 vel

318 3283 488 3345 minimum
513 3283 586 3344 suis
616 3282 795 3348 lectoribus
821 3284 935 3366 injecit
963 3283 1189 3365 suspicionem
1222 3286 1403 3369 Septimius

318 3384 442 3455 noster,
464 3382 701 3462 praetermissa,
723 3403 800 3465 quae
830 3383 874 3447 ud
895 3383 1042 3447 historice
1065 3393 1100 3446 et
1128 3385 1296 3467 ‘injurie'
1317 3386 1402 3448 illius

320 3479 544 3559 cognitionem
558 3484 754 3562 pertinebat,
780 3485 1026 3549 circumstantie
1046 3503 1185 3566 prorsus
1206 3485 1402 3557 necessaria,

319 3592 485 3662 quumque
498 3578 574 3643 ideo
586 3579 728 3648 Graecus
745 3585 875 3668 Dictys,
889 3592 926 3647 et
941 3584 1000 3666 qul
1013 3602 1090 3648 eum
1105 3584 1200 3663 sequi
1214 3602 1251 3647 se
1271 3584 1401 3666 profite-

318 3686 382 3756 tur,
399 3677 552 3757 Malelus,
566 3682 699 3746 minime
713 3685 899 3766 praeteriit.'

363 3794 436 3842 xri.
459 3779 498 3842 ln
514 3782 713 3863 quibusdam
730 3791 838 3849 tomen
852 3785 953 3849 etiam
968 3786 1003 3848 in
1018 3785 1163 3860 diversa,
1174 3790 1210 3848 ut
1223 3784 1308 3861 dixi,
1320 3782 1402 3848 abiit

320 3899 342 3943 a
363 3885 479 3943 nostro
501 3879 664 3963 Septimio
681 3880 826 3949 Mulelas
847 3886 923 3962 iste,
943 3892 1046 3968 atque
1068 3883 1153 3948 adeo
1168 3885 1198 3949 si
1219 3886 1331 3949 omniu
1343 3898 1402 3946 sna

313 3976 365 4044 'ex
401 3978 524 4061 Dictys
553 3982 681 4069 sumsit,
710 3982 814 4046 alium
836 3991 970 4066 oportet
989 3985 1147 4049 habuisse
1168 4003 1245 4049 eum
1271 3985 1400 4065 Dictys

318 4100 420 4166 quarn
443 4079 557 4144 habuit
571 4080 772 4163 'Septimius
817 4083 924 4148 Immo
937 4105 1016 4151 vero
1038 4103 1105 4149 non
1127 4103 1173 4148 ex
1191 4083 1267 4148 solo
1282 4084 1402 4161 Dictys

319 4200 416 4249 mum
441 4180 498 4245 ille
527 4181 771 4248 consarcinavit
791 4202 900 4248 rerum
919 4184 1142 4269 Trojannrum
1171 4182 1400 4250 sanationem,
