3144 4982
743 409 829 457 nvn.
852 409 962 457 sultis

619 690 844 799 ruenni
896 693 1124 779 eumne.
1225 664 1245 684 ”

464 945 591 1055 xxv.
636 908 954 1024 lunxennnn,
978 962 1063 1011 sm
1086 946 1240 1012 neuls.

709 1112 788 1176 Lrn.
806 1130 830 1175 ι.
854 1110 945 1176 Cle.
960 1111 994 1175 3.

308 1281 320 1311 ¹
336 1276 403 1340 Per
417 1275 505 1340 idem
519 1281 651 1360 tempus
667 1275 862 1342 Alexander
876 1274 1052 1361 Phrygius,
1066 1273 1192 1339 Priami
1207 1271 1306 1350 lilius,
1321 1290 1397 1336 cum

351 1377 461 1440 AEneu
483 1376 626 1458 ullisque
648 1395 694 1440 ex
716 1378 1004 1459 consanguinitate
1018 1375 1204 1452 comitibus,
1219 1373 1348 1456 Spurtoe
1363 1373 1397 1434 in

352 1475 486 1539 domum
503 1473 651 1539 Menelai
665 1476 814 1558 hospitio
836 1483 1010 1560 exceptus,
1034 1474 1295 1558 indignissimum
1316 1472 1398 1537 inci·

352 1594 416 1640 nus
431 1574 698 1658 perpetraverat!
781 1565 784 1570 ’

353 1722 485 1799 Pente,
499 1722 638 1799 Priami,
653 1721 872 1805 Trojunorum
892 1722 979 1804 regis
1000 1720 1099 1795 filins,
1120 1720 1227 1803 patris
1241 1720 1342 1800 jussu
1365 1720 1400 1782 in

311 1822 416 1905 sylvis
429 1822 618 1904 expositae,
632 1828 811 1905 postquam
825 1826 929 1885 muter
944 1821 1089 1885 Hecuba
1101 1820 1136 1882 in
1152 1816 1277 1881 somnis
1293 1836 1330 1880 se
1349 1815 1402 1881 fa·

311 1941 384 1985 cem
394 1940 508 2004 perere
523 1921 597 1987 visu
612 1926 712 1998 esset,
725 1928 759 1984 et
768 1928 866 1985 vates
879 1940 1018 2004 puerum
1031 1918 1170 2002 Trojeni
1184 1915 1307 1981 excidii
1322 1934 1404 1979 cuu·
1465 1937 1469 1945 ·

274 2034 278 2041 ’
311 2038 384 2084 sem
397 2022 466 2084 iore
477 2020 736 2103 respondissent.
780 2020 890 2085 Mater
902 2026 1012 2084 tumen
1029 2020 1171 2095 curavit,
1184 2022 1222 2080 ut
1233 2017 1404 2098 interpau-

312 2137 403 2193 tores
426 2127 539 2193 ldoeos
553 2127 666 2191 furtim
680 2128 866 2192 nutriretur.
910 2127 965 2191 lbi
980 2127 1051 2210 jum
1073 2125 1221 2199 adultus,
1235 2121 1401 2186 OEnonem

311 2226 491 2310 nympham
505 2227 649 2305 umevit3
670 2224 789 2310 (ovid.
810 2243 845 2288 v.
868 2224 1009 2289 Heroid.
1024 2220 1151 2306 Epist.)
1170 2240 1245 2303 quoe
1272 2239 1402 2303 quoque

311 2324 534 2405 postmodum,
548 2324 682 2387 Paridis
698 2342 812 2404 rogum
827 2322 1067 2400 conscendens,
1081 2321 1203 2404 laqueo
1216 2318 1279 2383 sihi
1290 2317 1401 2399 gulam

310 2421 420 2503 fregit.
465 2421 623 2503 Apollod.
641 2438 696 2484 ιιι.
709 2422 851 2486 Tzetzes
864 2422 899 2484 in
915 2420 1122 2504 Lycophron.

356 2520 510 2584 Ceterum
524 2520 567 2583 de
582 2522 757 2587 formarum
775 2524 861 2586 inter
876 2523 969 2586 Deus
988 2521 1126 2586 Judicio
1147 2520 1202 2585 hic
1225 2536 1293 2582 non
1305 2536 1402 2600 repe·

313 2627 430 2696 temus,
452 2639 529 2702 quae
551 2621 674 2684 citutus
691 2619 798 2699 Naso,
814 2637 880 2685 xV.
905 2620 1048 2685 Heroid.
1071 2620 1181 2703 Epist
1201 2617 1318 2694 Silius,
1335 2631 1404 2681 vn.

313 2718 431 2787 Punic.
442 2719 517 2784 tet.
538 2719 717 2803 Apuleius,
729 2735 769 2784 x.
783 2719 991 2785 Milesiucer·
1005 2719 1126 2798 Dares,
1141 2735 1206 2781 vn.
1219 2725 1256 2783 et
1269 2718 1319 2783 sio
1333 2718 1405 2782 hre-

310 2819 398 2885 niter
412 2819 563 2901 Propert.
580 2836 621 2883 ιι.
635 2819 667 2884 2.
681 2821 739 2886 ubi
754 2841 850 2886 suum
866 2821 983 2886 laudet
997 2820 1162 2904 puellum:

400 2918 519 2984 Cedite
527 2919 611 3004 junr,
628 2922 738 3001 Divus,
754 2941 839 3006 quus
852 2928 966 3006 pustor
980 2912 1106 2986 uideret
1119 2918 1201 2984 olim

314 3070 316 3077 .
442 3018 545 3087 Idaeie
558 3023 705 3091 tunicum
718 3042 845 3107 ponere
866 3023 1059 3087 verticibus.

314 3119 435 3206 Neque
455 3121 497 3186 de
519 3122 660 3188 Helenae
682 3131 792 3207 raptu,
813 3143 890 3206 quoe
903 3121 1076 3199 Colnthus,
1087 3122 1145 3185 lib.
1156 3119 1198 3184 de
1217 3118 1321 3203 Bept.
1332 3117 1406 3185 He·

314 3220 413 3298 leuse,
430 3220 552 3286 Horet-
567 3221 630 3286 Od.
646 3241 685 3287 ιι.
699 3224 752 3286 15.
768 3225 903 3307 aliique.

358 3320 534 3415 inducitur
550 3331 663 3387 eutem
684 3342 801 3405 perum
827 3332 991 3402 strenuus,
1015 3330 1051 3386 et
1069 3340 1217 3388 amorum
1232 3337 1330 3403 quam
1353 3339 1405 3384 ur·

314 3438 443 3483 morum
466 3421 573 3501 magis
597 3422 784 3506 studiosus.
828 3422 1000 3487 luteremit
1020 3429 1130 3486 tamen
1145 3419 1322 3496 Achillem,
1336 3426 1405 3484 tun·

312 3518 457 3599 demque
478 3538 501 3583 u
520 3518 657 3600 Pyrrho,
677 3520 749 3585 sive
769 3519 972 3601 Philoctete,
986 3529 1025 3587 ut
1046 3522 1118 3601 ulii,
1138 3526 1191 3584 eet
1216 3519 1405 3584 confossus.

314 3617 404 3682 Vide
418 3636 493 3699 quoe
508 3618 550 3681 ud
562 3619 707 3703 Dictym,
722 3632 774 3683 ιιι.
788 3621 841 3688 19.

352 3717 460 3817 l'orro
483 3717 548 3785 hoc
575 3718 754 3786 Numiemu
776 3728 829 3787 est
851 3724 929 3807 imp.
952 3720 1112 3787 Antonini
1134 3718 1201 3795 Pii,
1219 3724 1404 3802 spectetur·

315 3836 380 3901 que
393 3819 485 3901 upnd
499 3819 670 3903 Spouium,
681 3820 863 3888 Recherch.
879 3840 993 3889 xxiv.
1007 3822 1083 3887 384.
