3010 4978
405 369 454 417 us
478 368 656 417 msrosrs
683 366 794 414 usum
816 366 991 415 raessur.
1052 354 1058 365 '
1161 362 1163 366 “
1196 357 1239 418 ut

147 512 262 587 volni,
277 511 351 593 quia
363 511 400 574 in
419 511 514 574 bisce
530 509 677 572 consistit
693 506 724 568 ri
747 504 913 591 κρινόμενον,
927 516 962 572 et
984 507 1086 571 totius
1108 500 1240 574 coutro-

151 610 275 673 versiae
287 609 405 673 nodus.
452 608 527 671 lllis
545 609 630 671 euim
652 606 830 689 expeditis,
844 627 895 670 res
909 609 985 690 ipsa
1006 613 1056 672 tot
1079 608 1240 672 inanibus

154 708 354 791 conjecturis
368 707 532 790 implicito
552 713 582 770 et
602 708 790 784 obscurato,
804 708 840 769 in
859 708 1019 789 liquidam
1042 709 1240 789 emergitlu-

19 812 20 905 {
153 829 246 884 cem,
260 816 296 871 et
315 815 412 889 putet
432 807 572 882 taudem,
593 807 635 869 de
654 807 778 888 Dictye
799 805 954 870 Cretensi
972 807 1054 888 quid
1076 809 1172 870 uobis
1194 808 1240 874 sit

19 916 20 947 ¹
152 907 386 972 statuendum.
427 906 515 970 Nam
550 907 580 969 si
600 908 664 970 boc
691 912 836 983 constat,
871 906 1065 989 Septimium
1101 907 1240 971 vertisse

152 1008 259 1071 bosco
273 1006 400 1070 libellos
423 1025 466 1069 ex
495 1006 551 1069 illo
572 1006 707 1088 Dictym
732 1025 834 1089 quem
863 1006 975 1071 Graeci
999 1007 1182 1090 Scriptores
1205 1014 1240 1071 et

151 1107 353 1171 Scholiamae
375 1106 552 1169 identidem
577 1106 727 1182 undant,
743 1125 807 1169 seu
833 1106 972 1172 Grecos
991 1107 1094 1172 hosce
1115 1107 1239 1172 nullum

19 1256 20 1259 η
147 1208 252 1271 aliurn
266 1207 436 1282 babuisse,
448 1209 595 1283 nouisse,
605 1207 813 1288 desimam,
828 1207 965 1290 Dictyn,
980 1227 1079 1290 quam
1089 1208 1174 1270 bunc
1187 1208 1239 1290 ip-

145 1326 233 1384 sum,
260 1327 359 1389 quem
384 1306 570 1388 Septimius
592 1326 744 1371 sermone
773 1307 895 1372 Latino
920 1310 1097 1389 expressit,
1120 1305 1240 1370 evadet

146 1414 224 1470 tuuc
238 1407 359 1470 diurna
381 1407 458 1470 luce
475 1408 599 1470 clarius
612 1414 648 1468 et
664 1408 800 1482 certius,
822 1406 943 1470 falsum
958 1426 1034 1485 ergo
1047 1425 1136 1481 esse,
1150 1404 1239 1486 quud

149 1504 263 1569 Graeci
286 1504 338 1567 illi
363 1504 566 1570 tradiderunt
589 1504 725 1581 diserte,
753 1505 908 1588 quodque
932 1506 1011 1569 ideo
1033 1505 1240 1569 crediderunt

150 1609 253 1686 atque
273 1600 473 1667 affirmarunt
488 1603 637 1668 Vossius
652 1604 768 1681 Pater,
785 1604 861 1668 Leo
876 1606 1031 1684 Allutiue,
1045 1611 1079 1668 et
1092 1604 1239 1687 plerique

147 1703 249 1767 bodie
263 1704 335 1776 ulii,
351 1705 525 1787 scripsisse
545 1704 717 1769 historiam
738 1705 782 1769 de
803 1706 901 1769 Bello
915 1705 1060 1789 Trojano
1082 1704 1239 1786 antiquis·

148 1804 270 1869 simum
287 1804 451 1885 quendum
467 1804 607 1887 Dictyu,
622 1806 795 1870 Idomenei
810 1806 1022 1870 Cretensium
1044 1805 1167 1886 Reguli
1181 1823 1239 1868 co-

151 1905 279 1979 mitem,
292 1904 355 1984 qui
378 1905 452 1984 ipee
467 1904 560 1967 bello
574 1903 719 1985 Trojano
734 1906 923 1979 interfuerit,
939 1912 974 1969 et
987 1924 1039 1968 ras
1051 1906 1094 1968 ab
1111 1923 1149 1967 se
1164 1904 1240 1985 ipso

157 2001 251 2063 uisas
278 2002 452 2066 momoriae
473 2003 691 2067 mandauerit.
732 2004 866 2068 Nomen
893 2008 975 2089 ejus,
1003 2022 1180 2086 personum
1207 2004 1242 2064 iu

162 2099 233 2161 istu
258 2098 485 2179 expeditione,
509 2108 653 2178 aetutem,
680 2107 713 2164 et
741 2103 945 2184 scriptionem
979 2105 1079 2168 fiuxit
1098 2102 1168 2177 ille,
1184 2102 1243 2183 qui

162 2196 321 2263 Graecum
336 2198 422 2262 boue
441 2199 630 2265 Historiam
652 2210 798 2285 tempore
818 2204 960 2269 Neronis
979 2202 1185 2287 composuit,
1208 2208 1243 2265 et

156 2298 241 2362 unde
250 2299 349 2363 unice
365 2304 433 2363 tutu
446 2300 642 2366 bsecsebulu
657 2303 698 2366 dc
712 2304 943 2386 antiquissimo
958 2306 1016 2370 illo
1026 2305 1150 2385 Dictys
1159 2303 1240 2368 Gre-

150 2401 236 2464 teusi
250 2399 385 2464 ridetur
406 2408 487 2465 ortu.
530 2401 619 2467 Nam
640 2404 750 2469 nullus
765 2405 1011 2487 aliususquam
1032 2408 1237 2479 memoratur,

100 2490 108 2501 ’
145 2500 211 2564 sed
235 2510 271 2564 et
288 2520 386 2567 nemo
407 2502 444 2564 in
458 2502 593 2567 Graecia
618 2505 740 2581 extitit,
764 2506 823 2587 qui
848 2512 928 2569 aute
949 2504 1134 2568 Homerum
1160 2502 1240 2585 quid

144 2601 335 2683 scripserit,
354 2610 388 2666 et
409 2602 450 2666 de
463 2603 622 2687 Trojauis
636 2606 771 2687 quidem
793 2607 902 2683 rebus,
917 2612 954 2671 ut
975 2605 1058 2667 satis
1078 2604 1241 2686 probasse

145 2719 201 2764 me
215 2709 306 2784 puto
326 2720 372 2765 ex
390 2703 493 2766 variis
505 2703 712 2769 Auctoribus
732 2705 774 2768 ad
789 2706 964 2770 AElianum
977 2702 1062 2767 Vur.
1077 2703 1169 2767 Hist
1185 2717 1241 2766 xl.

145 2800 178 2864 2
215 2799 295 2863 Viri
317 2801 520 2878 doctissimi,
533 2804 590 2886 qui
617 2804 681 2868 boc
703 2811 866 2887 tempore,
889 2803 977 2866 elius
999 2805 1101 2866 alium
1120 2803 1242 2877 secuti,

145 2901 251 2966 telem
276 2901 379 2963 nobis
403 2901 527 2982 Dictyu
549 2911 691 2981 carram,
706 2903 874 2967 credidere
898 2900 1002 2964 alium
1026 2900 1131 2962 luisse
1144 2900 1242 2963 Gree-

144 3020 268 3067 corum
284 3001 424 3083 Dictyu,
450 3010 552 3083 atque
575 3003 664 3068 huuc
691 3002 799 3066 nostri
827 2999 997 3081 Septimii.
1040 2996 1143 3073 Quod
1171 3016 1245 3061 cum

144 3102 284 3186 liquido
299 3102 334 3165 in
354 3104 578 3184 superioribus
589 3102 817 3176 refutaverim,
831 3119 894 3163 uec
910 3098 1088 3182 quisquam
1104 3094 1191 3159 elius
1205 3097 1246 3160 eb

145 3204 209 3267 illo
226 3201 428 3267 Graecorum
442 3209 479 3265 et
489 3205 592 3269 nostri
613 3200 774 3284 Septimii
800 3200 920 3282 Dictye
935 3197 1083 3262 extiterit
1097 3194 1246 3277 Scriptor

150 3304 245 3367 illius
263 3304 422 3378 uomiuis,
444 3310 597 3384 superest
618 3303 702 3368 nibil
728 3301 834 3378 aliud,
855 3300 918 3363 nisi
940 3316 1040 3362 uuum
1064 3296 1138 3373 boc,
1154 3295 1243 3378 quod

155 3410 265 3465 tamen
282 3402 412 3465 nullius
433 3402 537 3467 ferme
562 3405 686 3485 negotii
708 3409 772 3479 est,
785 3422 860 3466 cum
875 3402 934 3464 vix
948 3416 1136 3483 quenquam
1151 3396 1186 3459 in
1200 3416 1242 3460 eo

156 3498 323 3563 habiturus
336 3503 402 3566 sim
421 3501 652 3582 refragantem,
665 3511 703 3566 ut
717 3502 900 3576 ostenden,
914 3518 1019 3581 neque
1029 3496 1122 3562 illum
1141 3496 1243 3559 nostri

156 3597 304 3677 nenos
316 3611 499 3676 meterem,
514 3603 572 3684 qui
596 3622 632 3666 se
651 3602 750 3667 fiuxit
768 3596 1145 3682 antiquissimum-illum
1161 3597 1243 3660 Dic·

156 3704 233 3780 45¹¹,
256 3700 474 3783 comitemque
502 3700 688 3777 Idomenei,
713 3701 819 3765 fuisse
853 3697 1060 3781 temporibus
1085 3693 1242 3777 'trojanis

152 3794 351 3882 aqualem:
370 3804 466 3881 atque
485 3799 583 3863 'adeo
606 3799 726 3865 fulsum
753 3818 827 3865 esse
857 3796 950 3861 illum
977 3803 1012 3859 et
1039 3793 1243 3868 mendaeem,

155 3896 302 3981 quaudo
315 3893 352 3956 id
366 3914 422 3976 per
435 3905 535 3963 totam
546 3899 719 3965 bistorium
731 3900 863 3965 solicite
877 3897 965 3963 adeo
977 3894 1135 3960 inculcat.

197 4012 323 4061 xxttr.
360 3992 510 4076 Arguunt
530 4001 654 4065 etenim
681 4002 774 4066 illum
802 4000 898 4065 multi
931 4014 1060 4062 errores
1083 3989 1243 4062 historici,

149 4101 277 4183 purtim
295 4097 342 4162 ab
358 4096 439 4180 ipse
451 4101 594 4180 protecti,
619 4101 740 4181 partim
755 4116 800 4163 ex
822 4096 943 4160 Poetis
962 4093 1113 4174 repetiti:
1141 4086 1245 4152 veluti
