3052 4972
404 428 450 475 nn
473 426 655 475 rnsronrn
682 427 791 473 neem
816 427 990 477 rnornnr.
1188 419 1231 484 43

141 573 235 634 tiens
267 575 302 632 et
322 568 510 650 praedicens
532 567 675 643 Graeois,
688 586 892 650 monensque
909 576 945 632 ut
965 569 1109 650 ligneum
1136 571 1230 638 illurn

141 671 279 752 Equum
301 673 493 731 exstruant:
523 667 706 730 Cassandra
728 666 968 747 Agamemnoni
991 678 1151 735 eventura
1174 675 1230 746 de-

141 769 298 832 clarens:
321 769 466 849 denique
480 765 643 850 Cyclopes
663 773 697 831 et
718 767 962 850 Laestrygones,
985 769 1179 852 Antiphates
1195 783 1230 837 et

140 868 392 951 Polyphemus,
408 866 501 930 Circo
509 874 542 930 et
553 866 711 949 Calypso,
725 867 893 951 Penelope
903 889 979 932 oum
991 886 1091 932 xxx.
1104 875 1227 953 procis.

142 965 237 1032 Heeo
252 969 364 1030 omnia
378 966 458 1028 satis
479 985 645 1047 superque
668 967 858 1043 ostendunt,
883 974 1050 1033 auctorem
1077 977 1225 1037 nostrum

141 1066 303 1130 hausisse
324 1085 384 1130 sue
406 1065 616 1147 potissimum
640 1083 683 1127 ex
710 1065 870 1142 Homero,
885 1074 984 1149 etque
1007 1070 1088 1133 aliis
1102 1072 1224 1153 potitis,

138 1165 233 1241 lieet,
246 1167 359 1229 ¹forsan
380 1169 416 1227 ut
429 1164 463 1226 id
480 1163 678 1242 dissimulet,
693 1185 783 1248 saepe
797 1167 885 1230 haud
908 1189 1025 1250 perum
1040 1172 1225 1250 immutate,

125 1273 207 1328 ¹tum
227 1283 308 1328 vero
323 1264 424 1330 elide
440 1263 615 1328 Historice
636 1264 792 1339 hominis,
807 1268 861 1348 qui
885 1271 983 1333 rebus
1002 1275 1105 1352 gestis
1127 1275 1224 1338 inter·

135 1365 244 1442 inerit,
260 1349 388 1446 easque
406 1365 616 1446 simpliciter,
640 1372 675 1429 nt
696 1374 801 1446 gestee
822 1377 926 1446 erent,
948 1374 1137 1448 narraverit,
1154 1373 1224 1438 lon·

11 1523 12 1548 ,
137 1483 215 1545 gum
224 1466 326 1529 abire.

182 1579 278 1628 Ην.
301 1565 413 1629 Sedet
427 1585 491 1628 suo
514 1567 590 1649 ipse
611 1566 736 1629 indicio
760 1569 985 1652 antiquitatem
1003 1571 1106 1649 illem,
1123 1592 1223 1656 quem
1255 1559 1258 1570 ¹

134 1665 257 1746 jactet,
274 1666 491 1729 clarissimum
506 1667 540 1730 in
550 1667 683 1730 modurn
694 1670 816 1747 passim
829 1669 956 1734 refellit.
980 1671 1059 1736 Huc
1074 1675 1223 1754 pertinet,

138 1767 228 1846 quod
245 1767 368 1848 ubique
382 1770 485 1830 etiem
507 1769 543 1830 in
556 1767 763 1831 orationihus
786 1767 979 1835 Graecorum
995 1773 1038 1834 ed
1058 1773 1220 1857 Trojanos

138 1865 232 1946 (ride
250 1883 287 1929 ιι.
302 1867 354 1930 ῒὶ.
371 1874 407 1929 et
421 1883 478 1931 ιιι.
494 1868 546 1931 23.
563 1873 596 1930 et
619 1866 709 1950 opud
731 1865 889 1930 Mulelam
904 1868 995 1952 158.)
1009 1872 1109 1936 hosce
1129 1874 1220 1936 voci·

139 1971 188 2029 tet
211 1967 391 2043 Barbaros,
410 1987 515 2049 eoque
537 1970 666 2032 nomine
682 1965 814 2031 Graecis
836 1971 989 2052 opponit,
1005 1990 1079 2034 curn
1097 1991 1138 2036 ee
1152 1991 1219 2036 vox

142 2063 200 2126 illo
214 2074 306 2128 eerte
322 2084 419 2128 senen
432 2075 510 2129 tnno
526 2067 683 2149 temporis
699 2067 843 2130 nondnrn
857 2068 958 2132 luerit
972 2072 1007 2133 in
1020 2089 1098 2133 usu.
1121 2071 1220 2134 Unde

145 2165 368 2228 observarunt
378 2166 447 2245 jem
460 2166 537 2229 olim
550 2167 758 2250 Thucydides
776 2184 801 2228 ι.
815 2168 848 2232 3.
871 2175 904 2232 et
924 2169 1044 2231 Strabo
1066 2169 1125 2252 lib.
1140 2184 1219 2246 xlv,

144 2263 220 2328 661.
236 2267 297 2328 em.
325 2285 367 2328 ne
386 2265 567 2329 Homerum
596 2267 736 2349 quidem,
768 2269 827 2350 qui
854 2273 947 2330 tanto
976 2273 1123 2350 tempore
1145 2277 1220 2350 post

143 2363 239 2440 vixit,
255 2383 320 2428 non
335 2365 443 2429 dioam
454 2366 628 2449 Trojanos,
640 2366 700 2431 sed
715 2384 821 2448 neque
835 2367 924 2430 ullos
940 2367 1036 2445 ailoe,
1046 2369 1217 2450 appellere

137 2463 318 2543 Barbaros,
333 2473 461 2530 tentum
481 2468 582 2532 semel
597 2467 702 2531 Cares
724 2468 832 2532 dicere
860 2465 1104 2554 βαρβαροφώνους.
1149 2469 1218 2554 Op-

11 2587 12 2596 ¹
134 2565 262 2647 positio
276 2573 389 2630 entem
410 2568 526 2632 istheeo
541 2567 734 2633 Graecorum
751 2577 784 2632 et
810 2568 1028 2634 Barbarorum
1050 2571 1149 2654 longe
1164 2591 1216 2636 se·
1335 2559 1346 2578 ’

133 2665 198 2729 rior
208 2665 286 2745 luit,
307 2687 371 2730 non
384 2667 538 2751 Trojenis
555 2676 685 2732 tuntum
699 2670 912 2751 temporibus,
928 2653 989 2734 sed
1003 2678 1035 2735 et
1048 2673 1125 2753 ipso
1141 2671 1216 2735 Ho-

11 2785 12 2790 ’
130 2783 230 2830 mero.
292 2765 411 2830 Strabo
428 2766 461 2832 d.
484 2771 506 2832 l.
521 2767 583 2832 εἶτα
597 2767 822 2852 narrxpnoo'rpel’
840 2779 873 2842 ὥς
889 2771 982 2854 ἒθνικῷ
999 2775 1079 2854 κοινῷ
1093 2770 1216 2851 ὀνόματι,

11 2857 12 2914 ἶ
130 2867 356 2952 ἇπιδιαιροῦπις
380 2869 446 2952 πρὶς
467 2874 516 2930 τοῦ
533 2865 691 2944 Ἕλληνας,
718 2873 858 2952 ‘postea
879 2872 977 2934 abusi
998 2869 1130 2933 sumus’
1151 2871 1215 2935 hac

11 2973 12 2976 ’
128 2969 256 3032 roeein
272 2968 374 3031 elium
388 2987 498 3048 usum,
514 2971 646 3034 scilieet
660 2979 697 3033 ut
711 2971 878 3034 Barbaros
893 2970 990 3050 quasi
1006 2973 1016 3002 ‘
1031 2971 1214 3032 communi'

127 3067 190 3131 hoe
217 3067 396 3132 ‘Gentium
424 3071 589 3134 vocabulo
618 3070 894 3151 distingueremus
921 3087 942 3130 a
970 3067 1121 3130 Graecis:
1164 3069 1215 3134 Ee
1342 3100 1345 3108 ·

11 3239 12 3242 Ἴ
118 3157 240 3232 'tamen
255 3187 332 3232 eum
346 3169 437 3251 epod
458 3178 603 3233 nostrum
618 3170 742 3251 Dictyn
763 3169 809 3233 sit
828 3166 1105 3250 frequentissime,
1120 3185 1216 3230 nemo
1334 3253 1337 3260 Ι

123 3283 190 3330 non
203 3269 308 3332 facile
328 3269 499 3350 intelligit,
518 3268 621 3334 luisse
635 3289 713 3352 ergo
739 3270 832 3332 illum
854 3269 1005 3333 Homero
1019 3267 1117 3348 longe
1139 3287 1214 3351 pos·

11 3407 29 3456 f·
130 3369 293 3432 teriorem.

174 3479 285 3529 xxvi.
308 3468 437 3533 Similis
453 3470 550 3552 pretii
579 3475 612 3533 et
632 3476 722 3534 notre
748 3477 810 3544 est,
840 3471 928 3552 quod
959 3469 1212 3536 ‘Thessaliam'

131 3573 294 3630 memoret
314 3585 362 3633 rt.
375 3571 407 3632 7.
422 3589 501 3633 cum
513 3571 575 3634 hoo
589 3590 708 3634 nomeu
723 3590 763 3633 ne
788 3569 888 3633 londo
905 3571 1036 3652 quidem
1059 3572 1209 3634 auditum

124 3661 235 3726 t'uerit
251 3663 384 3750 'lhojeni
398 3669 477 3733 helli
492 3675 652 3753 tempore.
699 3671 830 3734 Diserte
846 3670 1000 3733 Velleius
1014 3669 1210 3735 Peterenlns

127 3779 153 3825 ι.
169 3761 206 3825 3.
230 3767 455 3845 appellationis
469 3770 571 3852 hujus
587 3771 743 3851 originem
759 3769 803 3832 ad
818 3776 949 3852 tempus
963 3769 1103 3846 demum,
1117 3765 1210 3852 quod

119 3861 190 3926 fuit
216 3867 296 3944 post
314 3865 445 3931 reditnrn
468 3867 724 3934 Heracliderum
747 3869 783 3932 in
809 3869 1088 3951 Peloponnesum,
1102 3869 1210 3946 refert,

120 3977 207 4024 eum
223 3968 322 4026 entes
345 3965 608 4048 ‘Myrmidonum
629 3968 768 4034 eivites'
789 3987 829 4034 ee
838 3970 934 4051 regio
960 3977 997 4031 et
1018 3987 1099 4050 gens
1112 3967 1211 4033 luerit

117 4062 309 4144 appellate.
352 4065 586 4156 Snbjioitsstnno
602 4071 701 4134 verbe
712 4070 766 4133 hio
780 4069 942 4134 notanda:
964 4073 974 4102 ‘
987 4067 1066 4144 Quo
1079 4068 1209 4131 nomine

114 4162 235 4227 mitari
249 4166 404 4233 convenit
417 4187 487 4250 eos,
503 4170 563 4253 qui
577 4170 683 4234 iliaca
697 4174 936 4249 componentes
950 4174 1100 4246 tempore
1113 4165 1155 4228 de
1170 4181 1210 4224 ea
