3208 4968
284 401 349 467 ele
694 411 850 463 rosunum
875 412 1002 463 rscnru

286 554 651 641 occulitutquenude
667 555 1070 638 prrecouiaveramereri.
1313 559 1379 625 260

286 661 397 726 Hicne
410 662 497 725 nitor
510 657 683 743 chalybis,
699 657 762 722 hoc
778 676 896 722 nurum
910 656 1036 723 hostile
1050 656 1185 722 decoris

285 761 510 844 Extorqnebit
523 760 644 843 opem‘l
668 757 804 837 Nescis,
819 758 1019 836 saevissima,
1033 757 1164 823 nescim

284 863 327 928 In
342 862 491 946 chalybe
504 861 620 926 horror
633 861 732 936 inest,
747 859 782 923 in
797 860 932 925 casside
947 859 1095 942 fulgurat
1109 877 1248 926 anrnm:

284 963 327 1028 In
342 964 467 1046 capulo
481 960 645 1026 crudescit
656 960 753 1023 ebur:
775 958 825 1024 sic
841 958 945 1024 docta
959 961 1112 1027 minaces

186 1130 206 1147 ,
284 1064 436 1131 Delicias
450 1062 557 1139 uffart,
569 1072 603 1125 et
618 1059 688 1124 vult
702 1059 872 1143 placuisse
888 1059 1055 1128 Minerva.
1312 1069 1377 1135 265

284 1167 381 1230 Tune
395 1164 417 1229 J
420 1183 517 1229 ovem
532 1161 672 1227 mentitu
684 1161 836 1244 patreml
857 1181 925 1245 qna
937 1163 1059 1246 pellice
1072 1173 1185 1235 nostra

286 1266 327 1331 lu
342 1266 451 1330 lectos
462 1264 605 1329 audente
620 1265 728 1327 suosl
752 1262 811 1327 sed
827 1271 930 1327 matre
943 1283 1055 1330 carere

285 1365 450 1430 Creditur.
494 1363 524 1428 0
540 1365 700 1448 Superum
711 1363 833 1447 pudor,
848 1364 964 1429 haeone
979 1366 1129 1432 animosa
1139 1371 1287 1454 superbit

285 1467 396 1530 Solius
410 1465 599 1530 meminisse
612 1464 700 1528 viril
724 1464 860 1548 dicique
877 1464 992 1549 virago

283 1567 454 1632 Emeruitl
477 1566 573 1631 Certe
584 1564 735 1648 Superos
749 1565 857 1629 invisa
871 1566 1000 1649 fatigat,
1309 1575 1374 1640 27⁰

285 1667 446 1732 Mortales
457 1668 634 1731 consumit.
676 1663 724 1730 At
738 1672 791 1731 est
805 1666 986 1746 Mavortia,
998 1668 1132 1737 dicunt:

283 1754 370 1851 Ergo
385 1787 494 1832 mures
510 1776 616 1832 voret.
658 1764 706 1831 At
717 1766 843 1846 Pullus,
857 1769 927 1835 sit:
949 1770 1009 1835 scd
1023 1772 1104 1854 quia
1118 1773 1231 1856 pallet,

282 1868 348 1935 Vel
362 1871 442 1954 qnia
457 1868 604 1933 Pallanti
613 1869 767 1952 jugulum
783 1869 903 1936 scidit:
927 1869 1006 1937 hinc
1021 1872 1123 1952 color,
1137 1873 1214 1939 inde

282 1971 413 2037 Dextra
423 1989 546 2035 nocens
556 1989 678 2035 nomen
693 1969 822 2035 alterno
832 1970 909 2054 jure
927 1977 1078 2043 meretur·
1119 2010 1124 2020 ι

281 2072 411 2156 Tuque,
424 2071 517 2135 sedo
533 2070 676 2148 incisus,
687 2058 779 2150 tune,
792 2072 939 2156 iuquam,
950 2074 1092 2158 prodiga
1104 2095 1220 2155 sexus,
1308 2077 1374 2143 275

283 2174 440 2238 Foemina
453 2172 542 2257 plus,
556 2190 658 2255 quum
668 2174 746 2256 jura
760 2173 881 2253 sinunt,
896 2181 932 2240 et
945 2176 1078 2246 mollior
1092 2197 1204 2261 seque,

281 2275 379 2338 ‘lune
394 2293 473 2356 ergo
485 2272 615 2352 Venus,
632 2293 714 2339 ausu
728 2274 823 2341 venis
834 2276 870 2339 in
885 2278 1024 2359 praemia
1036 2277 1182 2345 formosi

281 2377 336 2440 An
352 2377 464 2440 nescis
478 2376 618 2459 onijnra
633 2376 721 2458 petis
736 2378 949 2441 communiat
993 2376 1059 2441 Sed
1074 2379 1154 2460 quis

283 2475 429 2540 Credeti
453 2483 504 2541 tot
517 2476 539 2541 J
543 2497 608 2541 uno
623 2477 752 2543 similes
767 2476 887 2541 habet:
910 2477 1011 2541 unica
1024 2476 1192 2560 quondum

279 2574 326 2641 Et
340 2577 440 2641 nullis
455 2579 619 2661 sequenda
632 2578 699 2643 ini:
729 2596 805 2642 cum
821 2576 962 2660 provida
976 2576 1135 2642 mundum
1305 2578 1370 2645 280

282 2677 450 2761 Dirigeret
465 2677 499 2743 N
501 2687 597 2743 aturn
613 2697 723 2757 suum,
737 2678 810 2742 sine
826 2676 965 2760 conjuge
979 2677 1107 2761 conjux

280 2779 411 2858 Stabat,
425 2786 460 2843 et
473 2781 506 2844 in
519 2779 633 2846 florem
648 2780 739 2845 cultu
754 2784 922 2849 crescente
937 2797 1089 2843 severum

280 2879 400 2944 Stabat
415 2880 536 2961 adhuc,
550 2900 627 2946 cnm
641 2881 692 2946 sic
707 2884 812 2945 mutor
826 2877 981 2943 Natura:
997 2876 1090 2956 Quid
1104 2876 1222 2956 haeres,

735 3056 922 3078 ΜΜΜΝΟΙ

312 3162 357 3209 inl
384 3158 436 3208 Hic
454 3171 537 3207 aarum
553 3155 597 3206 ed.
618 3157 698 3206 Basll.
716 3154 851 3220 Sponden.
868 3163 896 3203 et
916 3154 1065 3206 Mon-aer
1082 3155 1112 3204 lr
1130 3156 1207 3205 Mur
1228 3155 1270 3205 ed.
1292 3155 1372 3205 Busil.

278 3222 408 3286 Spondsn.
421 3229 449 3272 ct
458 3223 608 3272 Mon-ild
624 3221 713 3270 Siseni
724 3219 768 3268 ed.
780 3219 860 3268 lisrll.
873 3216 1003 3282 Sponden.
1015 3227 1043 3267 et
1055 3218 1122 3268 lior.

771 3377 879 3431 NOTAE

310 3481 359 3527 idi
376 3478 407 3526 ln
422 3481 503 3542 cepido
519 3479 635 3529 crudrseit
652 3477 721 3542 ebur]
738 3477 806 3529 Vide
846 3477 953 3543 rit,ssl‚
963 3477 1030 3528 sicut
1040 3476 1257 3541 putabunl,qaod
1269 3477 1295 3525 iu
1313 3475 1376 3526 l’sl·

279 3566 320 3601 lv·
333 3556 390 3601 1⁰⁰·
846 3555 917 3609 aare
936 3554 1032 3618 palude
1050 3564 1112 3604 nats
1128 3552 1186 3603 era'
1220 3552 1316 3603 Arnon.
1332 3566 1375 3601 rs.

311 3630 359 3677 26⁷
376 3627 426 3677 Sed
434 3606 736 3692 sciemsrcredusr]
755 3630 807 3680 Ex·
846 3631 936 3681 ‘Nam
956 3630 1099 3680 llllnsrrum
1118 3642 1160 3677 me
1179 3641 1235 3677 esse
1256 3628 1372 3691 genitore
1481 3620 1487 3631 '

280 3703 354 3766 pouit
373 3703 399 3752 lu
413 3705 582 3767 monentibus
599 3709 707 3756 scatit.
732 3705 807 3757 Philo
847 3720 880 3755 er
902 3705 1023 3755 l’nllnme
1044 3710 1217 3767 procreatam,
1235 3703 1310 3757 testis
1333 3709 1373 3750 est

270 3776 359 3829 ‘refert
379 3777 411 3828 ad
431 3782 605 3842 septenarium
624 3794 756 3831 numerum
779 3781 808 3830 ll·
847 3779 929 3830 omnis
951 3778 1084 3841 pcitsrum
1105 3778 1207 3839 chorus,
1224 3778 1267 3841 qul
1287 3777 1373 3826 Pullu-

278 3852 324 3904 lnd
342 3852 375 3904 de
393 3852 504 3918 putrimu
525 3855 634 3919 virgins,
651 3853 808 3915 ducencies
846 3854 905 3904 dem
921 3866 962 3901 nne
980 3859 1125 3916 nuncupat,
1133 3853 1251 3903 derirsto
1265 3868 1281 3900 s
1301 3860 1373 3916 petre

279 3932 357 3991 pli.
847 3925 1017 3992 cognomine!

310 4008 359 4054 m
379 4002 484 4066 Velunia
492 4001 807 4065 Poterimus-nida]
878 4004 927 4052 stu
943 4000 1051 4051 fenne
1058 4002 1122 4064 plu,
1132 4016 1201 4065 pean
1211 3999 1375 4063 interimi]

279 4075 352 4127 Ante
373 4079 442 4128 enim
463 4077 580 4127 Tritonis
602 4078 683 4131 dicta.
716 4078 807 4127 Festus
848 4076 961 4127 Velleius
979 4089 1010 4126 u.
1026 4077 1101 4126 ‘otio
1114 4090 1147 4127 se
1165 4077 1279 4127 mollitiis
1298 4090 1373 4140 pons

279 4156 381 4198 tumen:
400 4152 508 4201 ‘Pullus
528 4151 648 4201 Minerva
666 4158 707 4202 ert
725 4151 807 4213 dicu,
847 4148 1055 4202 ultramarinum
1065 4148 1164 4201 dnum'

280 4223 349 4289 quod
365 4224 508 4275 Pallantem
520 4227 650 4291 gigantem
668 4224 806 4277 interiece-
