3196 4976
291 356 356 423 218
639 369 799 418 nrcrros
823 368 1030 417 crsrnssrs
1104 380 1108 387 Δ

292 516 327 580 iu
347 515 447 579 ulium
470 510 602 575 modum
628 509 789 575 formatis.
833 509 1008 575 Scotorum
1028 509 1127 575 etiarn
1154 516 1189 575 et
1210 511 1376 593 galearum

292 613 482 678 multiformi
496 611 622 692 specie,
632 609 825 674 horrendem
839 609 919 673 belli
933 608 1052 675 saciem
1067 611 1286 693 praebuerant.
1328 608 1377 675 At

291 713 348 777 ubi
364 710 433 774 triti
447 709 576 791 aliquot
589 708 674 784 dies,
689 716 725 772 et
735 708 971 791 milestrellum
983 711 1088 792 cupit,
1101 710 1197 774 simul
1213 728 1288 774 cum
1301 712 1376 776 luce

289 811 458 878 exercitus
473 809 580 873 omnis
596 810 693 890 siguo
707 809 790 873 dato
813 809 847 871 in
870 809 1022 891 praelium
1045 810 1189 888 ducitur,
1211 812 1375 895 cumqne⁸

288 913 341 976 his
356 910 506 994 Trojani,
526 916 562 975 et
582 911 640 992 qui
662 911 749 974 iutra
772 909 894 974 moenie
908 911 996 974 socii
1009 910 1152 976 fuerant.
1196 908 1244 975 At
1258 920 1375 977 contra

288 1011 403 1078 Graeci
417 1012 566 1076 instructi
580 1030 642 1094 pro
656 1016 805 1092 tempore
820 1009 976 1091 opperiri,
991 1010 1154 1076 debilitati
1168 1011 1375 1093 aliquantum

289 1115 444 1189 animos,¹
466 1120 554 1177 metu
568 1112 711 1194 ingentis
726 1117 828 1194 etque
851 1111 1009 1193 incogniti
1031 1111 1148 1176 hostis.
1191 1112 1295 1193 Igitur
1315 1114 1374 1177 ubi

288 1219 375 1279 intre
390 1213 449 1278 teli
467 1212 595 1296 jectum
611 1218 741 1277 rentum
756 1220 821 1288 est,
843 1216 911 1275 tum
927 1230 1008 1276 vero
1022 1212 1153 1275 barbari
1167 1211 1311 1276 clamore
1324 1214 1374 1276 iu·

287 1315 377 1398 genti
388 1333 429 1378 ac
445 1313 593 1390 dissono,
615 1313 718 1378 ruinae
740 1312 775 1375 iu
798 1310 933 1375 modom
952 1311 1157 1393 irrumpunt:
1179 1312 1280 1375 nostri
1294 1330 1373 1376 con·
1444 1371 1449 1377 .

287 1414 406 1478 firmati
428 1414 512 1478 iuter
534 1432 582 1488 se,
605 1411 690 1476 satis
713 1411 852 1495 impigre
874 1409 942 1474 vim
963 1410 1107 1474 hostium
1129 1418 1373 1475 sustentavero.

288 1515 356 1580 Sed
379 1522 557 1598 postquem
572 1513 663 1578 acies
678 1520 846 1579 renovatae
860 1519 961 1594 atque
974 1512 1008 1574 iu
1024 1511 1171 1575 ordinem
1186 1510 1371 1576 reformatae

287 1621 373 1697 suut,
396 1622 429 1679 et
438 1614 512 1698 jaci
526 1613 602 1678 hinc
619 1618 720 1696 atque
734 1614 810 1678 inde
823 1613 890 1679 tela
905 1630 1052 1694 coepere,
1068 1612 1189 1676 cadunt
1203 1612 1372 1695 utriusque

287 1715 454 1780 exercitus
478 1714 630 1796 plurimi:
652 1732 759 1796 neque
783 1712 858 1777 linis
881 1710 930 1788 lit,
956 1711 1068 1793 quoad
1093 1709 1251 1774 Memnon
1277 1730 1372 1775 curru

286 1822 417 1891 vectus,
441 1812 591 1878 adhibito
611 1831 724 1876 secum
738 1810 918 1875 fortissimo
933 1830 1075 1895 quoque,
1096 1811 1222 1875 medios
1236 1810 1373 1876 Graeco·

287 1935 357 1980 rum
371 1913 511 1990 inuadit,
533 1914 675 1996 primum
689 1931 857 1996 quemque
872 1914 1008 1977 obvium
1023 1912 1177 1989 tundens,
1199 1917 1257 1976 ent
1281 1913 1374 1979 debi-

285 2017 396 2080 litans.
440 2015 496 2079 lta
504 2014 576 2097 jem
590 2013 763 2098 plurimis⁹
781 2019 964 2078 nostrorum
978 2012 1168 2089 interiectis,
1184 2013 1298 2091 duces,
1313 2016 1373 2079 ubi

285 2117 417 2182 fortuna
430 2116 510 2180 belli
525 2135 631 2193 versa,
652 2135 760 2198 neque
774 2133 852 2198 spes
865 2115 992 2197 reliqua
1006 2115 1071 2178 uisi
1086 2115 1121 2178 iu
1135 2114 1212 2197 suga
1227 2121 1289 2192 est,
1304 2117 1374 2191 vio·

286 2217 405 2282 teriam
421 2236 626 2282 concessere.
669 2217 722 2281 Eo
737 2216 791 2281 die
805 2217 947 2282 incensor
964 2235 1067 2281 neres
1083 2206 1287 2297 deletaeque¹
1303 2236 1373 2280 om·

286 2334 346 2379 nes
360 2316 523 2393 intentui
537 2336 608 2381 nox
623 2316 805 2398 perfugium
820 2315 1043 2380 laborantium
1060 2317 1249 2396 ingruentes
1262 2315 1372 2380 hostes

285 2414 328 2477 eb
350 2414 497 2496 incoepto
514 2416 743 2477 cohibuisset:
765 2420 860 2477 tenta
881 2415 914 2476 iu
938 2413 1115 2476 Memnone
1138 2412 1284 2476 bellandi
1307 2415 1369 2491 vis,

285 2511 481 2594 peritiaque,
491 2520 526 2575 et
538 2512 661 2576 nostris
677 2510 827 2575 adversos
841 2519 923 2575 res.y
955 2511 1016 2594 [6.]
1026 2511 1130 2593 Igitur
1139 2510 1264 2590 Graeci,
1278 2521 1371 2596 post·

285 2632 383 2696 quam
397 2613 527 2695 requies
542 2618 604 2688 est,
626 2611 771 2694 perculsi
787 2611 875 2676 inter
888 2629 938 2687 se,
959 2629 999 2675 ac
1015 2629 1151 2676 sommae
1167 2631 1273 2677 rerum
1288 2615 1370 2681 diffi-

285 2712 410 2790 dentes,
433 2732 491 2797 per
505 2712 693 2776 nniversam
708 2716 841 2777 noctem
856 2731 941 2795 quos
956 2713 990 2775 in
1005 2711 1095 2776 bello
1109 2711 1298 2792 amiserant,
1318 2736 1370 2781 se-

285 2814 418 2896 peliere.
462 2812 550 2877 Dein
564 2812 740 2876 consilinm
754 2810 855 2878 futuri
871 2814 1060 2877 certaminis
1073 2812 1246 2878 adversum
1263 2816 1371 2880 Mem·

284 2934 402 2979 nonem
426 2916 557 2979 ineunt:
578 2932 619 2977 ac
642 2913 753 2996 placet
774 2919 862 2978 sorte
876 2914 952 2995 eligi
968 2932 1088 2977 nomen
1101 2914 1216 2978 ducis⁸
1237 2934 1313 2979 cum
1328 2936 1368 2981 eo

285 3013 449 3079 bellaturi.
476 3013 572 3078 Tunc
583 3010 809 3096 Agamemnon
825 3011 1020 3080 Menelaum
1034 3015 1186 3098 excipit·
1200 3013 1369 3099 Ulyssem,

285 3116 502 3183 Idomenenm
512 3122 541 3181 :¹
555 3115 753 3199 reliquorum
768 3132 842 3179 sors
856 3114 910 3196 agi
925 3121 1051 3198 coepta,
1066 3114 1200 3199 Ajacem
1215 3115 1371 3182 Telamo-

737 3293 750 3313 0
753 3291 915 3314 OWONO

285 3406 363 3455 habet
374 3406 467 3467 Deiph.
477 3405 591 3455 aliia-8
608 3404 747 3455 Omittitur
758 3405 783 3454 in
794 3404 890 3466 Delph.
904 3406 993 3454 vocula
1009 3422 1053 3470 qu
1064 3416 1121 3472 port
1130 3425 1184 3460 cun
1193 3416 1221 3459 et
1232 3424 1290 3460 mor
1300 3418 1370 3476 utque

285 3474 343 3533 port
353 3472 528 3517 remeate-9
544 3468 792 3533 Dementes-1
810 3466 905 3530 netpn.
916 3470 1054 3534 &lectaque
1064 3477 1193 3524 saoce-²
1209 3475 1303 3540 Delph.
1316 3477 1369 3527 Ido-

772 3622 877 3673 NOTAE

315 3714 581 3778 'Debilitutionisml
599 3714 807 3781 liubinrelllgitur
845 3719 918 3769 Idem
930 3721 1070 3771 &dronae
1104 3721 1153 3770 sm
1169 3726 1370 3778 exhocuostro.

285 3791 432 3857 propositio
448 3788 528 3853 ‘per'
545 3790 585 3838 vei
600 3787 670 3841 nari
877 3794 1056 3856 ‘Agamemnon
1062 3795 1194 3846 Menelaum
1200 3799 1300 3863 excipit]
1310 3801 1368 3852 Me-

314 3874 325 3909 r
344 3863 640 3927 almumalmum]
666 3866 806 3931 Scripsisse
844 3871 1146 3932 nelsisortemextrsrit;
1159 3873 1368 3937 Uiyrrirldonre·

283 3938 806 4000 debuitDictye,‘etnostriotsmsdrer·
844 3959 917 4008 nene,
933 3944 1087 4007 reliquorum
1104 3947 1157 3997 aiii.
1189 3947 1242 3998 Sed
1259 3949 1367 4013 Ajacem

284 4031 320 4066 sn
341 4012 400 4066 reo)
439 4012 472 4062 Id
495 4013 563 4063 eninr
586 4014 717 4065 scribendi
738 4020 804 4070 rstlo
845 4034 900 4068 sors
917 4018 1025 4082 delegit,
1042 4020 1138 4085 quippe
1156 4036 1215 4086 ane
1234 4025 1324 4077 ultima
1338 4028 1366 4078 iu

283 4092 384 4143 clamat.
845 4094 1035 4157 galearertitit.
1068 4095 1101 4145 Et
1112 4097 1149 4146 its
1160 4097 1281 4150 lictatur
1291 4101 1367 4152 tutel-

316 4165 377 4217 'Ac
394 4164 470 4229 placet
486 4169 549 4215 mre
567 4162 626 4226 eligi
636 4167 804 4231 nomimis]
843 4170 959 4236 ligentur
970 4177 1019 4223 eet.
