3144 4982
604 329 726 383 sentit
751 330 903 377 Tnorcn.

477 498 626 565 xxvi.
670 495 806 569 JUNQ
829 493 1030 561 ARGIVA.

608 630 687 694 Ine.
706 647 726 692 ι.
748 628 835 695 cnr.
853 629 904 692 16.

277 760 393 828 ‘Dein
405 762 443 826 in
463 762 589 844 templo
602 760 747 826 sunonis
761 759 897 841 Argivae
910 766 1073 825 rectorem
1088 760 1235 824 omnium

596 861 754 926 declarari
775 860 917 925 stutuit’

252 979 373 1054 June,
384 984 424 1042 ut
434 979 536 1057 Semi,
545 978 712 1064 (Puueen.
725 978 760 1040 in
769 976 912 1042 Acheio.
921 984 958 1042 et
967 977 1038 1054 elii,
1053 977 1148 1041 oitnti
1160 975 1302 1042 edwii·

209 1080 302 1144 dien.
324 1078 485 1145 Selector.
502 1078 593 1161 136.)
613 1079 661 1143 ite
675 1084 711 1142 et
725 1076 839 1159 mgis,
861 1076 898 1140 in
919 1075 1163 1159 Peloponneso,
1185 1075 1302 1157 οιι11ις
1354 1158 1358 1165 Ι

209 1198 328 1263 nempe
340 1199 442 1263 uper
456 1199 525 1263 qun
539 1180 673 1262 regione
695 1197 774 1242 cum
795 1175 956 1260 Neptuno
974 1176 1167 1242 decerunt
1209 1174 1302 1241 Pun-

206 1281 333 1357 eeniee,
346 1280 385 1344 in
398 1279 548 1345 Gortnth.
557 1279 681 1344 Horat
695 1295 721 1340 ι.
735 1276 802 1342 Od.
813 1280 847 1343 7.
862 1276 894 1341 8.
923 1276 1060 1359 Argium
1075 1283 1185 1342 temon
1198 1277 1302 1342 etium

205 1379 354 1445 Iunonie
369 1380 499 1463 templo
511 1378 639 1462 ubique
656 1377 771 1456 suem
792 1385 831 1442 ot
843 1378 880 1441 in
894 1377 1057 1453 Lucania,
1072 1376 1183 1441 ltnlire
1196 1382 1302 1458 perte,

209 1477 440 1564 (Sirenem.)
453 1481 489 1543 in
499 1479 699 1562 Gempenie,
709 1478 866 1562 (Statius,
879 1494 933 1541 ιιι.
949 1478 980 1540 1.
996 1478 1072 1543 105.
1087 1476 1177 1542 Plin
1193 1476 1242 1540 H.
1258 1474 1304 1541 N.

212 1595 272 1643 ιιι.
284 1578 335 1663 d.)
352 1589 386 1645 et
400 1582 436 1645 in
449 1580 622 1659 Leoonie3
638 1580 789 1645 Pnuenn.
804 1580 839 1642 in
855 1577 1017 1642 Iunonie.

254 1678 370 1763 flujm
389 1698 468 1745 vero
492 1679 652 1745 sacerdon
671 1679 736 1745 fnit
749 1678 904 1748 Admeto,
917 1676 1097 1759 Eurysthei
1119 1677 1210 1757 filiu
1231 1694 1306 1759 qne

210 1779 313 1864 Argis
333 1780 491 1863 profuge,
503 1787 540 1845 et
561 1769 702 1845 Seruum
723 1798 844 1861 sospes
866 1778 1023 1861 eppnlne,
1037 1784 1078 1841 nt
1091 1776 1217 1841 Junoni
1229 1795 1305 1859 gre·

212 1882 299 1944 tium
312 1879 462 1956 referret,
475 1886 673 1960 perpetuum
686 1879 802 1962 templi
822 1879 972 1960 sneoepit
992 1895 1116 1941 eumne.
1161 1876 1229 1941 Sed
1244 1874 1308 1940 Ar·

214 1980 300 2060 givi,
314 1976 428 2057 iugem
443 1976 656 2052 vindicaturi,
671 1977 756 2041 Deru
769 1985 950 2058 rapuerunt
963 1978 1189 2052 eimnleerum,
1204 1975 1307 2039 uteie

218 2074 407 2138 Admetum
418 2073 544 2137 Samiis
557 2073 734 2138 redderent
746 2093 893 2139 exoeem.
932 2075 1055 2142 Verum
1069 2077 1182 2141 ventio
1196 2074 1309 2139 edver-

221 2173 585 2255 munerandumque
608 2174 815 2256 negantibus,
829 2185 1038 2258 exportatum
1061 2194 1181 2241 rnrene
1195 2194 1215 2240 e
1230 2175 1309 2240 neri

216 2279 368 2339 numum
383 2273 418 2335 in
430 2272 542 2337 littore
556 2272 752 2356 deposuere.
795 2274 861 2340 Ubi
876 2276 1037 2342 eSnmiie
1057 2282 1220 2360 repertum
1235 2275 1309 2340 Ad·

213 2379 308 2440 meta
317 2373 438 2439 vinclis
451 2373 626 2456 expedivit
635 2383 670 2438 et
682 2374 718 2438 in
731 2376 842 2442 eedem
861 2379 1020 2443 restituit.
1062 2377 1152 2444 Vide
1166 2397 1245 2462 qure
1260 2395 1308 2441 ex

213 2475 371 2543 Ammoi
387 2490 452 2538 xv.
467 2474 511 2539 ud
526 2474 688 2542 Wildien
712 2476 872 2544 Seieotor.
888 2479 965 2543 141.
984 2478 1151 2559 diximne3
1171 2485 1204 2545 et
1226 2494 1309 2543 mox
1380 2504 1382 2509 ¹

216 2594 258 2640 ea
271 2573 387 2639 confer
400 2593 477 2657 quee
492 2573 698 2655 Gronovius,
710 2577 874 2644 'l'hesauri
892 2597 916 2642 ι.
931 2586 1010 2643 torn.
1023 2581 1055 2642 5.
1070 2581 1102 2643 4.

257 2675 406 2741 Iunonie
424 2694 525 2757 porro
541 2677 713 2762 tempium,
733 2680 897 2744 columnis
916 2684 951 2742 et
973 2680 1089 2743 etutuie
1103 2686 1306 2752 exornetum,

216 2776 388 2841 utetDeae
401 2775 571 2840 sedentem
582 2784 739 2855 statuum,
751 2780 879 2844 eximie
890 2778 1118 2857 magnitudine
1126 2798 1168 2841 ex
1182 2798 1265 2845 euro
1273 2786 1309 2841 et

218 2877 317 2940 ebore
327 2874 540 2953 fabricatum,
553 2887 758 2956 coronatum,
773 2886 811 2941 et
826 2876 1062 2956 sceptriferum,
1072 2875 1229 2939 describit
1237 2878 1309 2957 jem

216 2977 339 3040 citatus
354 2974 500 3039 Peneon
517 2976 552 3038 in
567 2975 774 3039 Corinthiun.
1231 2964 1236 2969 ’

259 3074 429 3141 Nummus
449 3087 562 3140 eutem
588 3076 646 3138 hic
673 3081 727 3138 ent
753 3071 1060 3147 Brundusiensinm,
1080 3070 1169 3153 apud
1197 3068 1310 3137 Goltz.

219 3177 312 3242 sicil.
325 3176 416 3240 Tnb.
431 3182 466 3238 et
479 3176 601 3257 Beger.
614 3174 719 3239 Thes.
735 3170 903 3237 Brandeb.
921 3188 947 3235 ι.
960 3170 1035 3236 343.
1145 3196 1148 3207 ·

414 3379 583 3447 xxvn.
627 3378 818 3446 cosm
840 3395 887 3443 nr
908 3378 1117 3447 Ponnux.

615 3497 693 3561 Ine.
709 3515 735 3561 1.
755 3496 846 3563 Gne.
860 3486 893 3562 9.

224 3625 412 3709 ‘Agenoris
424 3648 524 3713 porro
531 3628 726 3713 Taygetum,
735 3648 874 3714 eamque
883 3649 927 3694 ex
935 3628 1190 3694 Jovehebuisse
1198 3626 1304 3693 Leue-

232 3782 235 3785 .
268 3727 463 3806 daemonem,
484 3749 609 3813 exque
623 3728 798 3814 Amyclam
817 3736 943 3805 nutum,
957 3735 993 3793 et
1013 3748 1057 3793 ex
1076 3748 1116 3793 eo
1135 3728 1304 3809 Argulnm,

266 3830 400 3912 petrem
422 3827 543 3907 OEbeli,
565 3850 663 3914 quem
690 3830 837 3915 Tyndari
859 3829 921 3915 (eu
946 3849 1014 3913 quo
1045 3828 1178 3894 Helene
1197 3828 1307 3911 genite

265 3924 454 4010 videretur)
462 3938 585 4009 putrem
599 3932 785 3997 oonsteret'
927 4002 930 4005 ,

266 4040 422 4107 cosroe
438 4049 475 4106 et
489 4041 610 4112 Pollux
629 4066 707 4131 ergo
720 4047 812 4114 fuere
825 4047 945 4113 fratrea
961 4045 1119 4120 Helenue,
1131 4042 1232 4107 etiem
1245 4041 1308 4105 tilii
