3200 4972
539 366 586 412 nn
612 364 743 413 nxcin.
766 363 891 411 seusu
913 364 1065 413 uisnon.
1279 350 1346 421 297

256 506 371 571 Amici
384 516 420 571 et
439 507 591 591 hospites
610 507 656 572 ad
676 506 699 570 J
701 523 839 571 escuem
853 474 1024 583 venemut,
1047 513 1081 572 et
1094 466 1296 589 pollicentur
1309 528 1346 574 se

257 627 324 672 une
346 607 463 674 iturus.
505 608 616 673 Jasou
637 609 760 689 gratias
774 606 848 671 illis
867 609 955 689 agit:
978 615 1012 672 et
1032 609 1160 690 rogavit
1180 611 1347 692 utparati

256 716 379 787 essent,
393 729 470 775 cum
484 718 616 792 tempus
631 709 873 792 superveniret.
915 708 1025 774 Jason
1039 729 1118 774 cum
1137 718 1274 793 tempus
1290 729 1345 776 su-

256 812 415 893 pervenit,
437 811 553 875 literne
573 809 616 873 ad
641 829 702 874 eos
717 809 808 872 misit
822 809 881 891 qui
896 818 992 874 erant
1012 811 1168 895 polliciti,
1184 831 1343 876 sesenna

167 948 173 957 ·
243 912 373 989 ituros,
387 918 420 976 et
440 912 533 975 illico
555 917 781 975 convenerunt
802 909 846 973 ad
867 929 999 989 navem,
1021 914 1118 998 cujus
1140 932 1256 979 nomen
1279 918 1349 981 erat

257 1012 358 1094 Argo.
403 1012 518 1077 Pelias
533 1032 592 1076 rex
607 1030 684 1095 quse
700 1029 786 1094 opus
797 1017 890 1074 erent
904 1011 937 1074 in
953 1014 1066 1078 neuim
1082 1016 1209 1099 imponi
1224 1015 1346 1099 jussit:

257 1118 291 1178 et
301 1114 449 1177 hortatus
460 1120 512 1179 est
526 1114 549 1178 J
551 1132 699 1192 escuem,
708 1119 742 1177 et
756 1113 814 1196 qui
830 1131 906 1176 cum
916 1134 958 1179 eo
970 1116 1048 1180 ituri
1062 1123 1167 1191 erant,
1177 1124 1216 1179 ut
1229 1116 1344 1180 enimc

256 1214 333 1278 sorti
347 1215 430 1279 irent
444 1214 487 1279 ad
502 1215 736 1299 perficiendum
753 1234 829 1299 ques
844 1217 956 1280 conati
980 1225 1102 1282 essent.
1146 1216 1198 1283 Ea
1211 1237 1264 1282 res
1278 1217 1347 1282 cla-

255 1304 411 1380 nuent
433 1315 576 1381 Groeciae
592 1325 626 1381 et
640 1316 727 1399 ipsis
741 1314 872 1380 iactura
887 1316 1074 1384 videbatur.
1112 1319 1347 1383 Demonstrare

255 1435 314 1480 eos
329 1419 386 1499 qui
400 1437 477 1482 cuns
489 1418 619 1483 Jasone
632 1418 774 1503 profecti
789 1423 878 1496 suut,
892 1437 958 1483 uon
969 1428 1118 1485 nostrum
1129 1429 1203 1485 est:
1218 1421 1277 1485 sed
1290 1421 1346 1504 qui

256 1518 329 1583 vult
342 1538 400 1585 eos
413 1540 623 1603 cognoscere,
639 1521 854 1603 Argonautas
877 1519 993 1605 legat*
1036 1521 1097 1605 [2.]
1118 1520 1141 1587 J
1144 1541 1236 1600 ason,
1252 1529 1289 1588 ut
1302 1522 1345 1586 ed

256 1618 433 1703 Phrygiam
469 1625 567 1699 venit,
594 1641 714 1688 navem
746 1623 895 1688 admovit
922 1622 966 1688 ad
1002 1631 1132 1706 portum
1161 1625 1346 1691 Simoenta.

257 1717 387 1786 Deinde
408 1740 522 1788 omnes
543 1724 700 1788 exierunt
720 1723 763 1787 de
782 1725 863 1789 nevi
885 1723 929 1787 ad
951 1731 1083 1788 terrem.
1126 1723 1347 1791 Laomedonti

255 1821 325 1902 regi
339 1821 556 1907 'li-ejeceram
571 1824 753 1888 nuntiatum
764 1830 828 1899 est,
841 1822 1024 1888 mirandum
1037 1825 1151 1889 navim
1164 1827 1197 1890 in
1211 1832 1346 1909 portum

255 1921 430 1988 Simoente
442 1924 599 2000 intrasse,
615 1931 651 1987 et
670 1922 706 1985 in
722 1942 766 1986 ea
782 1924 952 2005 juvenes·
973 1924 1016 1988 de
1031 1922 1167 1989 Graecia
1185 1926 1359 1990 advectos»

256 2041 342 2086 esse.
387 2022 458 2086 Ubi
472 2023 604 2088 audivit
625 2022 824 2087 Laomedon
837 2043 899 2088 rex
913 2032 1103 2089 commotus
1116 2032 1177 2102 est,
1190 2033 1223 2088 et
1237 2027 1347 2089 consi·

259 2121 387 2187 demvit
408 2141 582 2188 commuue
603 2124 801 2207 periculum,
824 2124 854 2189 si
876 2134 1135 2190 consuescerent
1164 2125 1277 2191 Graeci
1303 2122 1347 2189 ad

259 2240 323 2286 sna
346 2222 460 2288 littora
480 2224 622 2288 navibus
643 2222 834 2290 adventare.
878 2226 989 2290 Mittit
1007 2229 1123 2310 iteque
1146 2227 1189 2291 ed
1216 2232 1347 2310 portum
1397 2230 1401 2236 ’

257 2323 314 2403 qui
328 2322 442 2388 dicant
462 2325 627 2401 utonem,
648 2324 690 2389 de
714 2324 839 2390 finibus
862 2326 935 2410 ejus
950 2326 1145 2394 ffimdom:
1167 2335 1201 2392 et
1224 2327 1255 2391 si
1278 2345 1344 2390 non

255 2421 350 2488 dicto
376 2425 579 2504 obedissent,
602 2432 670 2490 tum
696 2444 772 2489 sese
798 2427 899 2491 mmis
924 2427 1110 2510 ejecturum
1134 2428 1178 2493 de
1205 2424 1348 2493 tinibus.i

256 2525 362 2593 Jason
376 2530 482 2613 etqui
503 2547 580 2594 cum
603 2546 645 2591 eo
667 2532 822 2591 venerant
843 2529 987 2611 graviter
1010 2531 1152 2595 tulerunt
1171 2527 1347 2595 cmdelit'e-

256 2620 586 2711 temLaemedontis,
601 2630 652 2694 sic
667 2646 704 2693 se
718 2630 761 2693 eb
775 2648 816 2693 eo
832 2630 980 2710 tractari,
1004 2651 1080 2696 cum
1100 2624 1191 2697 nulla
1211 2631 1255 2696 ab
1276 2630 1346 2693 iilis

256 2730 378 2813 injuria
390 2731 484 2802 iacta
498 2738 612 2797 esset:
634 2731 732 2795 simui
747 2736 780 2796 et
790 2732 954 2798 timebant
968 2734 1214 2800 multitudinem
1228 2733 1347 2797 barbe-

712 2926 889 2948 'mm

288 3061 305 3107 ²
321 3057 583 3135 Antejeeeeeeiebet
593 3061 691 3125 Deiph.
701 3063 794 3111 naum.

747 3235 855 3291 Now

290 3371 303 3408 ⁸
329 3363 482 3424 cirtem]
509 3364 693 3417 cteritedinem
718 3367 783 3417 dicit
824 3373 864 3417 ter
875 3376 922 3428 per
938 3361 1110 3427 ignorantiam
1126 3373 1184 3411 sese
1199 3358 1349 3409 Pseudode-

258 3439 364 3490 snion.
823 3437 1013 3503 retemptodit.
1044 3437 1084 3486 De
1096 3434 1250 3498 Argonautis
1260 3442 1347 3485 entem

289 3513 302 3548 ¹
318 3514 472 3576 ΔΜ
481 3513 558 3577 kent]
583 3515 651 3576 Ergo
668 3524 783 3578 tempore
823 3516 882 3566 vide
894 3512 1058 3578 Apolloniam
1070 3509 1204 3568 Rhodium,
1215 3509 1359 3561 Veledam.

257 3590 318 3642 estu
340 3590 443 3654 Trojeui
462 3589 529 3640 tiber
546 3590 665 3652 extabat,
684 3590 783 3653 ‘Argo-
823 3593 954 3647 Picenum,
976 3587 1126 3652 Amoliodon.
1153 3600 1173 3638 ι.
1208 3586 1347 3639 ntoeomm

257 3667 535 3731 nendee'inecsiptae.
568 3668 663 3734 Neque
679 3666 785 3717 dubium
823 3667 996 3728 siscianus.
1009 3662 1152 3727 Hyginum,
1162 3669 1190 3712 et
1200 3663 1273 3712 elios.
1295 3663 1348 3713 Eo·

256 3752 299 3795 eet
321 3743 381 3810 quin
403 3743 503 3807 Orphei
525 3743 701 3807 Argonautica
723 3743 785 3793 velit
821 3758 878 3794 mm
899 3741 1032 3806 expeditio
1055 3741 1123 3791 betto
1143 3740 1255 3803 Tsojeno
1275 3741 1347 3802 prior

257 3819 377 3884 tetemet.
411 3819 462 3873 see
487 3821 602 3885 ineptam
630 3821 784 3883 eesietosem
822 3820 873 3870 fnit
883 3819 955 3869 anuis
966 3816 1072 3867 circiter
1083 3815 1347 3881 qninquagintetetei

256 3895 284 3945 id
300 3896 385 3951 detuit,
401 3910 494 3958 nempe
513 3896 651 3959 orpheum
666 3897 738 3947 iilum
756 3902 785 3946 et
820 3890 1130 3956 eitterseeugerovnon
1140 3895 1189 3939 eet.
1304 3918 1309 3928 ·

255 3971 320 4022 eiioe
330 3985 456 4036 qumque,
465 3970 509 4036 qni
519 3980 581 4021 ente
593 3973 686 4023 beilum
694 3973 785 4036 Troje·
854 3967 862 4000 ¹
877 3968 936 4017 Tute
949 3980 1000 4016 sue
1013 3963 1086 4013 emis
1101 3962 1228 4024 doctam
1245 3962 1275 4009 de
1286 3960 1347 4022 flee-

256 4047 407 4098 minine
423 4045 488 4096 dieti
501 4053 571 4107 eant,
586 4047 696 4109 apodtie
706 4046 784 4097 iictoe
821 4043 876 4107 dae]
893 4038 1267 4107 monuo-nmmum
1278 4049 1347 4100 eJeo·

255 4121 348 4185 ἰιὶικς
373 4121 443 4187 qued
460 4129 488 4172 et
498 4120 604 4171 Voeeiee
619 4121 744 4183 oetendit,
761 4135 782 4171 1.
821 4126 907 4172 tusum
917 4118 951 4169 de
960 4113 1073 4167 finibus!

256 4198 290 4251 de
301 4214 329 4251 re
341 4198 452 4265 poitice.
484 4197 528 4247 Sic
536 4196 616 4261 igitur
625 4203 781 4247 auctorne·-
