3196 4976
311 382 378 449 240
654 352 814 440 nrcrro's
836 389 1043 439 canrsusrs

312 545 447 604 autnon
460 533 568 596 infesti
582 530 661 595 bulo
674 550 786 613 regno.
813 530 935 596 Nonne
948 535 1071 613 sponte
1083 527 1255 613 supplices
1264 533 1303 593 nt
1316 531 1399 595 mi·

311 639 493 723 planteam
505 632 720 713 rogabimus?
766 631 851 695 Non
861 633 950 695 omni
965 632 1064 694 modo
1080 628 1326 697 satisfaciemus
1339 630 1400 695 le·

311 738 359 801 sis
367 735 440 816 jam
455 733 554 797 toties
568 750 628 815 per
639 731 725 795 nost
769 731 848 795 Non
862 731 1057 796 infuturum
1072 730 1189 795 saltem
1202 728 1399 797 mooncilis·

310 838 417 901 bimas
432 834 514 898 tales
528 833 641 898 virosl
685 827 756 914 Ego
777 831 912 916 quidem
935 833 1037 896 abibo
1061 830 1223 914 hincjam
1238 841 1273 894 et
1288 830 1403 895 discas

310 937 386 1001 dam
400 934 540 1015 longius,
555 952 665 1014 neque
679 931 884 996 committam
904 939 941 996 ut
961 930 1101 995 ulterius
1122 930 1273 994 intersim
1296 932 1402 994 malis

308 1036 440 1100 nostris.
468 1033 550 1097 Fuit
563 1041 695 1115 tempus
710 1050 779 1114 quo
791 1049 923 1094 manere
938 1031 972 1093 in
987 1031 1049 1094 bec
1064 1030 1198 1094 civimte
1207 1029 1398 1111 jocundum

309 1141 396 1210 erat;
418 1135 514 1210 socii,
528 1133 640 1208 amici,
656 1132 919 1215 propinquorum
943 1131 1050 1206 salus,
1066 1131 1173 1212 patria
1190 1129 1332 1212 deniqne
1348 1131 1398 1195 in·

309 1235 451 1300 columis
465 1236 626 1300 attinuere
639 1234 673 1296 in
688 1231 776 1315 bunc
791 1231 890 1294 diem.
933 1229 1057 1315 Contra
1069 1250 1157 1295 nunc
1176 1228 1257 1312 quid
1276 1229 1396 1301 borum

309 1354 378 1400 non
392 1335 609 1403 imminutum,
623 1333 728 1397 autin
743 1336 850 1394 totum
863 1331 1027 1394 sublatum
1040 1332 1137 1396 nobis
1151 1330 1226 1395 esti
1250 1328 1329 1394 Non
1345 1330 1397 1393 fe-

311 1454 381 1499 ram
395 1455 448 1499 me
463 1453 539 1498 cum
552 1433 605 1496 bis
621 1432 750 1508 morari,
765 1448 904 1513 quorum
920 1448 1022 1512 opera
1034 1435 1179 1495 cumn·
1193 1448 1270 1494 curn
1288 1430 1399 1512 putria

312 1534 498 1599 concidere.
556 1532 601 1595 Et
620 1551 679 1595 eos
694 1531 841 1613 quidem,
856 1549 941 1613 quos
962 1532 996 1594 in
1016 1530 1103 1594 bello
1119 1529 1252 1594 fortuna
1265 1530 1398 1613 cripuit,

311 1631 514 1716 utcumqueh
534 1631 607 1715 jam
630 1631 857 1715 sepelivimus,
878 1630 1135 1695 concedentibus
1158 1631 1243 1694 ultro
1263 1631 1397 1695 veniam

310 1734 482 1798 hostibus:
497 1731 556 1797 setl
567 1739 746 1816 postquam
757 1732 906 1797 Deorum
921 1749 990 1796 πω
1004 1739 1104 1815 atque
1115 1730 1253 1794 delubra
1266 1730 1400 1811 sangui-

310 1851 354 1897 ne
366 1833 507 1898 humano
523 1851 581 1915 per
600 1832 714 1896 soclus
732 1830 854 1896 infecta
874 1829 968 1908 sunt,¹
987 1831 1052 1896 boc
1067 1831 1170 1895 etiam
1185 1830 1357 1893 amisimus
1368 1826 1398 1893 :¹⁵

312 1936 437 2017 quippe
452 1932 573 2015 quibus
594 1932 723 2015 majora
736 1927 921 2014 supplicia¹
943 1937 1179 2014 postmortem
1207 1929 1399 1993 carissimo-

311 2052 384 2099 rum
399 2050 501 2117 quam
514 2031 548 2094 in
561 2033 637 2115 ipsa
650 2032 831 2097 amissione
847 2032 1022 2097 subeunda
1036 2038 1121 2096 suut.
1153 2029 1240 2109 Quae
1253 2048 1296 2094 ne
1311 2030 1402 2094 acci·

311 2132 403 2210 dent,
417 2152 505 2197 nunc
520 2134 638 2198 saltem
659 2133 842 2215 providete.
885 2131 979 2197 Auro
995 2140 1095 2217 atque
1117 2131 1308 2215 hujusmodi
1324 2131 1401 2195 aliis

232 2218 239 2231 “
311 2234 459 2313 praemiis
486 2230 675 2296 redimenda
703 2231 813 2314 patria
840 2239 901 2296 est.
953 2232 1074 2297 Multae
1102 2233 1139 2295 in
1175 2230 1238 2295 beo
1267 2233 1402 2296 civitate

311 2327 397 2392 dites
411 2330 547 2407 domus3
576 2328 695 2409 singuli
709 2348 771 2412 pro
784 2329 1002 2393 facultatibus
1024 2332 1058 2393 iu
1080 2332 1224 2394 medinm
1249 2331 1403 2397 consula·

310 2443 395 2489 mus.
438 2425 612 2489 Postremo
635 2426 788 2489 offeratur
808 2445 871 2506 pro
890 2429 959 2489 rita
973 2428 1137 2503 hostibus,
1152 2429 1241 2508 quod
1255 2446 1337 2490 mox
1351 2428 1401 2490 in·

310 2524 408 2586 terito
429 2529 541 2586 nostro
560 2523 710 2603 ipsoram
728 2523 875 2586 futorum
893 2531 959 2587 est.
1002 2524 1215 2607 Templorum
1240 2525 1398 2601 etiamsi

310 2638 445 2685 necesse
463 2620 536 2698 erit,
562 2622 762 2685 ornamentis
775 2641 838 2704 pro
857 2622 1083 2689 incolumitate
1102 2626 1219 2706 pstrioe
1241 2625 1398 2689 utendum

311 2726 371 2783 cst.
413 2718 515 2783 Solus
529 2737 608 2783 snas
622 2737 708 2802 opos
725 2719 813 2786 intus
832 2721 1003 2786 custodiat
1016 2723 1185 2802 Priamus,
1201 2725 1295 2788 solus
1310 2724 1398 2788 dlvi·
1414 2780 1420 2786 .

312 2819 377 2881 tias
391 2819 536 2901 potiores
558 2819 688 2884 civibus
708 2820 779 2885 suis
797 2826 928 2884 teneat:
959 2821 1012 2886 bis
1026 2824 1124 2886 etiam
1141 2842 1217 2905 quas
1233 2843 1307 2888 cum
1325 2824 1398 2887 Ha-

310 2917 387 2981 lena
396 2925 495 3000 repta
505 2926 585 2982 sunt
599 2919 743 2995 incubat,
751 2918 923 3001 adeatque
935 2939 1033 3002 quem
1045 2921 1088 2986 ad
1104 2921 1228 2986 linam¹¹²
1241 2922 1397 2986 utendum

312 3021 408 3099 putet
421 3018 539 3102 patrias
548 3018 805 3085 calamitatibus.
829 3015 907 3083 Nos
915 3020 996 3086 victi
1001 3020 1074 3104 jam
1084 3040 1200 3086 mmus
1210 3021 1310 3085 malis
1320 3041 1397 3086 nos·

312 3116 387 3182 tris.
410 3117 471 3200 [3.]
485 3118 571 3183 Haec
587 3125 684 3201 atqua
694 3119 762 3183 alia
775 3119 1015 3203 cumlacrymis
1025 3120 1204 3185 disserente
1218 3139 1270 3219 eo,
1283 3121 1396 3185 cuncti

766 3308 942 3331 monn

311 3432 406 3481 ΗΜ
421 3432 517 3489 Inserit
528 3434 624 3497 Delpb.
636 3435 696 3485 eat
707 3441 765 3497 post
773 3440 912 3489 mla-2
930 3437 1023 3503 Delpb.
1035 3448 1062 3491 et
1073 3445 1149 3505 vulgo
1161 3444 1269 3508 obsura,
1279 3447 1335 3497 rins
1346 3445 1399 3496 vir«

796 3603 905 3659 ΝΟΜ

341 3703 512 3790 lutosaque]
525 3706 833 3775 aerumnosaque-1
902 3716 986 3766 ¹¹Hoc
1001 3718 1074 3767 ἀίω
1093 3721 1224 3787 arsiam]
1241 3725 1279 3775 Ut
1296 3727 1396 3778 rcssicat
1456 3766 1462 3791 ,

311 3785 464 3840 exprrmrtur
483 3792 521 3826 rrs
538 3780 614 3842 bujns
630 3780 754 3835 adverbii·
784 3789 832 3839 Est
870 3792 1129 3842 carbrirnasnostros
1139 3799 1302 3859 sepelimus,
1333 3801 1400 3857 Hoc,

310 3850 521 3916 ‘quoquomodo’
546 3853 831 3925 Gallicelteexprlme·
870 3865 1088 3917 sstirobscnrnm.

312 3925 767 3992 rem,aatosaetesresetemsen.
901 3937 1026 3997 'Maiore
1052 3943 1179 4008 macla]
1207 3946 1262 4010 Ait,
1289 3951 1395 4014 gnatus
1435 3992 1438 3997 r

346 3999 458 4058 ¹Irsecte
472 4000 538 4063 mr]
553 4001 585 4051 ld
600 4009 651 4063 ert,
666 4005 747 4057 tincta
762 4018 829 4061 runt.
870 4011 951 4061 multo
961 4025 1019 4067 csse
1029 4016 1147 4070 amisum
1157 4019 1235 4073 tilium
1246 4024 1396 4077 ruminae·

312 4072 348 4120 Et
358 4072 406 4121 boe
417 4070 490 4133 dicit,
501 4083 608 4138 propter
628 4074 751 4131 Acbillcru
764 4087 831 4135 oeci·
871 4084 971 4148 pultum
986 4086 1083 4151 videre,
1092 4106 1168 4154 quam
1179 4107 1237 4144 eom
1248 4097 1377 4148 emittere.

312 4159 376 4208 rum,
386 4147 414 4195 in
425 4147 522 4211 templo
533 4150 668 4213 Apollinis.
906 4166 924 4192 ¹¹
942 4158 1150 4231 melfium]
1164 4167 1395 4237 Pra‘qnoruqna!
