3200 4972
659 412 875 464 sorssors,
1246 404 1311 469 345

221 566 435 652 puerilium
462 565 641 649 quisquam
664 563 705 626 de
732 554 830 644 gente
855 560 997 627 Laduos
1019 562 1059 626 ln
1086 568 1219 630 tuntum
1249 588 1309 651 spe

222 668 318 733 tollet
332 666 439 732 avos?
480 666 602 731 Juveu.
619 664 682 728 ‘lu
696 669 855 747 quantum
869 662 956 728 situs
972 671 1073 747 atque
1085 665 1190 732 fames
1205 675 1241 732 et
1256 670 1312 734 fris
1327 704 1340 733 ι

222 787 302 851 gera
327 766 492 851 poscunt'
535 764 626 829 Plin.
655 778 697 829 x.
720 780 795 846 unp.
819 762 873 827 36.
896 763 1056 830 ‘Solutus
1083 765 1311 833 columbarum

61 914 72 937 ι
222 870 357 935 volatus
384 868 496 933 estin
517 865 657 930 multum
679 862 845 930 velocior?
888 864 1007 930 Livius
1023 872 1140 930 xxix.
1153 864 1207 931 25.
1230 868 1311 933 ‘Ad

221 971 420 1035 immensum
433 986 552 1051 augere
566 963 712 1049 nlqoid’
754 964 799 1029 Et
823 978 935 1029 xxrv.
958 966 1012 1030 15.
1034 966 1214 1033 ‘Dextera
1230 988 1310 1051 pars

10 1114 12 1165 p
118 1054 125 1059 ’
224 1080 320 1135 terrae
341 1069 419 1136 lube
439 1070 474 1134 iu
493 1058 900 1151 aliquantumeititndiuis
915 1063 1025 1131 diruta
1039 1064 1130 1131 erut’
1174 1067 1242 1134 Ubi
1256 1088 1311 1151 ge-

222 1172 350 1237 nitivus
379 1167 603 1235 ‘altitudinis’
632 1185 700 1232 uon
726 1164 849 1248 regitur
871 1164 915 1230 ab
934 1156 1184 1261 saliquantum,'
1206 1170 1312 1234 seda

90 1278 94 1285 '
144 1338 149 1347 ,
221 1288 405 1358 suppresso
432 1270 567 1336 nomine
596 1267 806 1333 substantivo
836 1267 925 1350 qnod
949 1275 1001 1332 est
1030 1265 1200 1355 negotium,
1220 1271 1311 1354 quod

220 1372 370 1438 similiter
379 1372 415 1437 iu
426 1371 584 1437 omnibus
593 1367 732 1452 reliquis
747 1366 924 1450 adiectivis
933 1366 1005 1450 jum
1016 1369 1217 1435 enumeratis
1231 1371 1311 1435 sub·

221 1472 357 1539 auditur.
400 1473 517 1539 Minus
533 1477 642 1539 sutem
658 1469 924 1556 syntaxiuistam
939 1468 1111 1536 Mereerns
1123 1470 1310 1548 mirabitur,
1398 1506 1403 1510 ·

221 1574 251 1637 si
264 1575 424 1640 tutionem
436 1575 675 1654 insistendem
697 1572 764 1638 ista
786 1571 921 1637 nomina
943 1571 978 1636 in
998 1579 1094 1639 sexto
1115 1591 1198 1638 essu
1218 1572 1309 1639 nullo

220 1677 390 1763 sententiae
405 1675 593 1742 discrimine
604 1674 758 1759 usurpari
768 1673 892 1740 solere:
905 1672 1026 1739 utTer.
1037 1673 1163 1740 Heaut
1177 1672 1310 1739 ‘Paule

219 1777 459 1857 quiesthomo
474 1774 677 1844 tolerabilis?
721 1775 849 1840 ‘Pater
864 1774 1036 1857 aliquanto
1058 1772 1223 1859 iniquior.'
1266 1772 1310 1838 Et
1363 1856 1368 1869 Ι

220 1877 353 1945 Phorm.
368 1877 461 1959 ‘Ego
476 1878 535 1942 isti
549 1877 655 1942 nihilo
669 1877 769 1941 aliter
782 1895 857 1941 sum
872 1894 913 1941 ue
922 1874 992 1940 lui!
1007 1874 1141 1941 Sallust.
1153 1873 1309 1957 Jugurtb.

219 1979 333 2044 ‘Cum
353 1978 460 2041 vinem
483 1976 589 2059 paulo
612 1982 859 2057 processerant,
881 1975 955 2055 igne
976 1978 1034 2037 aut
1052 1973 1222 2056 lapidibus
1236 1993 1310 2039 eor·

218 2077 479 2159 rumpebantur:
522 2074 661 2140 Cicero:
683 2072 841 2153 ‘Quanto
862 2072 1050 2154 superiores
1071 2092 1198 2150 sumus,
1216 2081 1309 2154 tanto

219 2195 283 2241 nos
288 2174 496 2261 ,submissius
509 2173 681 2257 geramus?
703 2172 814 2239 Idem:
831 2172 1056 2256 ‘Arrogantia
1068 2172 1193 2255 ingenii
1206 2174 1309 2239 multe

219 2283 273 2343 est
294 2274 552 2342 molestissima?
595 2275 711 2341 Senes.
726 2275 833 2359 Epist.
847 2275 902 2342 94.
928 2273 1077 2358 ‘Aspice
1092 2279 1221 2358 quanto
1248 2274 1311 2340 ali·

155 2448 159 2453 ⁴
178 2412 192 2443 ι
218 2382 268 2443 ter
281 2377 510 2460 unusquisque
524 2376 651 2461 populo
666 2377 771 2454 vivat,
794 2375 891 2441 aliter
904 2373 990 2440 sibi?
1032 2374 1150 2440 Livius
1162 2378 1310 2440 extremo

217 2479 277 2547 lib.
291 2493 348 2541 rx.
366 2476 543 2543 ‘Flavium
558 2477 730 2561 aliquanto
744 2482 846 2541 autea
859 2474 988 2540 desisse
1002 2475 1166 2559 seriptum
1176 2472 1309 2540 seuere?

215 2579 337 2645 lustin.
353 2593 503 2645 xxxin.
525 2576 616 2643 ‘Sed
637 2583 763 2660 quanto
785 2574 923 2660 Grypus
948 2576 1073 2654 abnuit,
1096 2581 1190 2641 tanto
1215 2594 1309 2643 soror

216 2677 430 2744 accenditur?
473 2679 514 2744 Iu
527 2678 650 2762 quibus
662 2677 817 2743 omnibus
832 2677 1029 2760 praepositio
1043 2697 1063 2740 α
1077 2684 1240 2743 etnomeu
1254 2698 1308 2743 ne·

215 2777 303 2864 gotio
315 2778 569 2858 subauditur,ut
581 2777 698 2845 eodem
713 2797 811 2843 sensu
821 2778 961 2857 dicatur,
978 2783 1120 2863 ‘quanto
1132 2778 1258 2862 mugis’
1274 2786 1309 2845 et

218 2884 393 2966 ‘quantum
407 2880 538 2964 magis:
547 2884 690 2965 ‘quanto
704 2878 837 2946 melior'
851 2888 886 2947 et
900 2884 1080 2963 ‘quantum
1088 2880 1308 2965 meliort'quo

217 2983 405 3064 posteriore
420 2981 539 3049 Livius
552 2981 653 3048 utitur
665 2980 726 3047 lib.
742 2996 801 3043 ιιι.
816 2980 869 3045 15.
893 2983 903 3013 ‘
918 2977 1091 3058 Quantum
1102 2981 1209 3064 magis
1216 2979 1307 3062 juni·

217 3103 290 3150 ores
303 3092 437 3168 patrum
452 3084 541 3169 plebi
560 3103 597 3149 se
611 3082 839 3159 insinuabant,
856 3098 899 3145 eo
913 3079 1024 3144 aurius
1038 3087 1155 3145 contm
1168 3078 1308 3145 Tribuni

218 3184 416 3252 tendebant?
460 3185 504 3252 Et
519 3200 626 3251 xnrv.
639 3187 674 3252 7.
697 3182 894 3263 lQuantum
908 3180 1040 3264 longius
1053 3177 1254 3263 prooederet,
1265 3195 1307 3244 eo

218 3285 373 3367 majorem
395 3302 502 3351 rerum
527 3286 676 3352 omnium
696 3286 845 3372 inopiam
868 3279 1038 3351 sentiens?
1079 3279 1197 3362 Atque
1218 3278 1306 3356 bine,

219 3383 350 3465 opinor,
365 3384 540 3450 Meroerus
553 3386 727 3468 intelliget,
737 3404 837 3472 qnam
847 3385 997 3471 imperite
1010 3383 1076 3449 istu
1090 3379 1307 3447 Grammatioi

217 3482 398 3553 Aduerbiis
412 3490 637 3562 annumerent,
648 3505 724 3568 quae
738 3488 933 3572 praepositio
947 3486 997 3551 eis
1012 3483 1185 3568 preemissa
1198 3482 1306 3549 nomi·

217 3583 494 3650 neesseelsmet
567 3652 571 3667 ,
849 3636 852 3647 ,

262 3683 362 3750 Aliud
382 3684 453 3768 ejus
474 3691 700 3769 argumentum
722 3694 774 3754 est
787 3691 864 3772 qnia
877 3689 934 3756 lib.
951 3706 984 3754 v.
998 3688 1034 3752 in
1047 3686 1119 3751 suis
1135 3686 1304 3772 exemplu·

216 3786 307 3852 ribus
320 3785 445 3870 legerit,
470 3788 644 3855 ‘Priamus
658 3808 694 3854 re
709 3789 840 3874 cognita
851 3790 897 3855 ad
907 3809 998 3856 uram
1012 3789 1035 3854 J
1038 3788 1113 3855 ovis
1126 3794 1206 3854 ante
1220 3787 1304 3854 sedi·

216 3886 324 3952 fieiale
346 3887 517 3971 confugit?
558 3889 800 3975 Annotatque:
823 3889 1037 3956 ‘AEdifioiete
1067 3906 1128 3971 pro
1157 3887 1303 3954 aedilicio

216 3988 289 4054 sive
313 3988 401 4071 regia
424 3989 562 4057 Priami.
604 3991 780 4074 Elegantia
802 3990 903 4073 bujns
926 3989 1061 4057 seculi!
1104 3987 1209 4072 Atqui
1221 3985 1305 4051 nibil

216 4115 355 4161 necesse
369 4105 422 4162 est
435 4097 483 4159 ita
496 4114 557 4160 uos
570 4097 688 4181 legere,
702 4100 739 4161 ut
750 4095 827 4160 libri
841 4094 915 4177 ejus
929 4093 1098 4169 exhibent,
1113 4090 1175 4156 sed
1188 4087 1304 4171 potius

196 4196 251 4263 'ut
263 4196 321 4264 alii
332 4204 424 4263 reete
439 4197 624 4265 habebunt:
638 4209 647 4235 ⁴
660 4197 704 4264 ad
718 4215 809 4263 mam
823 4196 847 4260 J
849 4196 921 4262 ovis
936 4192 1122 4262 oedifieielis
1135 4185 1304 4272 confugit?
