3052 4972
386 373 434 424 nn
456 369 636 422 ursionis
662 369 774 420 nunni
797 357 1005 422 soniare*
1176 361 1221 427 ab

117 502 199 593 oum
215 532 351 604 suorum
375 541 456 606 opo,
473 519 667 600 detersisse,
687 539 828 606 quarum
842 521 991 588 omnium
1004 520 1171 591 rationem
1184 527 1220 590 in

117 625 230 691 Notis
255 643 322 688 non
346 623 394 690 sit
418 619 629 706 redditurus)
655 622 712 687 vix
738 621 869 700 dubito,
892 622 971 706 quin
992 622 1059 705 legi
1084 621 1220 702 debeat,

119 725 288 810 ‘cognito
316 744 378 810 per
406 723 598 789 uuiversum
621 722 799 788 exereitum
831 722 982 806 proelium
1011 741 1087 790 esso
1115 722 1218 788 inea

120 827 246 912 parte:
290 826 386 892 Solet
406 824 494 891 enim
507 825 563 890 ille
575 825 746 909 participii
760 823 928 892 ablativus
939 824 990 890 ita
1001 843 1078 889 eum
1090 823 1217 892 infinito

119 927 290 994 construi·
334 927 603 994 Sicv1.ld.bis.
646 926 873 1006 ‘Itaoredilo,
887 925 1092 1010 Telegonum
1107 924 1152 991 ad
1166 927 1218 992 in-

121 1026 378 1106 ferendamsim
394 1025 480 1110 Regi
497 1025 705 1109 adventarer’
726 1027 817 1107 dein,
834 1027 935 1112 plane
948 1034 988 1093 ut
1006 1028 1073 1105 hio,
1097 1026 1219 1094 ‘'Tele-

121 1147 245 1212 gonus,
271 1130 405 1211 cognito
426 1134 602 1212 parentem
626 1126 723 1194 esse!
764 1127 848 1194 Tae.
862 1127 952 1194 Anu.
968 1146 1019 1192 iv.
1038 1129 1094 1196 86.
1106 1134 1218 1196 ‘oom-

7 1293 8 1314 2
125 1236 225 1314 porto
240 1227 320 1294 dota
336 1228 459 1294 ineunt
473 1225 634 1294 orimiua’
679 1229 986 1296 liv-xxv111.17.
1007 1230 1218 1298 ‘flandoni-

7 1325 9 1410 l
65 1406 72 1423 ι
118 1349 223 1414 quam
236 1327 356 1406 dubio,
370 1329 517 1413 opprimi
532 1325 657 1413 posse?
699 1329 788 1396 Mox
801 1327 977 1412 legendum
992 1331 1217 1398 onninoeum

7 1427 9 1506 l
122 1430 264 1498 Barthio
277 1438 315 1496 et
327 1429 526 1514 Vindiugio,
541 1430 791 1497 ‘continuatim’
834 1431 893 1497 Sin
907 1431 1010 1514 paulo
1026 1437 1115 1510 ante,
1129 1434 1218 1498 ‘dis-

7 1589 9 1624 ,
121 1531 249 1615 positis
273 1533 357 1597 satie
380 1531 541 1612 strenuis,
555 1532 616 1598 ubi
634 1531 837 1616 pugnabet3’
861 1536 896 1597 et
911 1533 962 1598 10.
992 1533 1143 1613 ‘relicta
1157 1534 1218 1600 ubi

7 1667 9 1672 v
125 1630 318 1716 pugnabat:

164 1749 224 1798 ιιι.
242 1733 296 1800 13.
318 1731 464 1818 ‘Neque
488 1735 597 1801 multo
623 1742 705 1818 post
726 1753 772 1799 ex
793 1731 883 1799 alio:
908 1735 1130 1802 abnuentibus
1140 1735 1215 1818 jam

124 1835 299 1913 Barbarie,
314 1854 360 1901 ao
386 1837 460 1900 sine
476 1835 547 1902 ulla
571 1833 768 1900 difficultate
792 1833 919 1900 versis?
961 1835 1102 1901 Nullum
1115 1837 1219 1902 habel

124 1954 261 2000 reusmu
277 1937 577 2004 sabsoommodum
591 1936 679 2002 illud
701 1934 968 2002 ‘abnuentibus’
1009 1936 1133 2003 Putem
1147 1956 1217 2002 rnu-

124 2053 211 2098 ιιιιιιι
236 2035 395 2118 Septimii
416 2035 533 2115 fuisse,
556 2034 802 2104 ‘abounlibna'
834 2036 997 2102 ¹Prirnnru
1024 2035 1112 2101 enim
1133 2035 1220 2100 Tro-

124 2133 296 2218 junicum
312 2135 507 2218 aliquandiu
521 2144 765 2222 oppugnassent
774 2138 901 2203 frustra
910 2134 1046 2213 vallum,
1058 2143 1092 2200 et
1106 2133 1219 2202 Graeci

124 2233 202 2317 jam
215 2243 426 2318 erumperent
440 2257 484 2304 ex
498 2255 565 2303 uua
583 2245 684 2321 parte,
707 2239 794 2304 ultro
817 2237 911 2304 abire
927 2233 1142 2320 incipiebant,
1158 2237 1219 2302 sed

127 2353 213 2400 mox
227 2337 272 2400 ab
296 2339 538 2422 erumpentibus
551 2359 594 2406 ex
618 2340 685 2406 aliu
700 2359 835 2425 quoque
850 2343 955 2424 parte,
976 2339 1011 2403 in
1032 2336 1144 2422 sugam
1157 2337 1218 2407 ,sa-

127 2435 281 2502 oilesunt
294 2437 398 2502 uersi.
708 2455 715 2472 ·

169 2551 227 2601 ιιι.
263 2537 318 2603 14.
369 2537 574 2624 ‘Reliquias
598 2537 795 2626 (Petronii)
824 2540 859 2606 iu
894 2559 1012 2607 urnam
1038 2539 1218 2623 eollegerat

126 2635 320 2721 (thifles),
335 2639 500 2706 decretum
519 2643 649 2727 quippe
670 2643 783 2708 animo
804 2643 946 2725 gerebat,
968 2659 1084 2710 seonru
1104 2642 1144 2706 iu
1158 2659 1219 2724 pu·

125 2742 223 2806 trium
237 2743 349 2806 solum
361 2743 410 2808 uti
422 2742 610 2822 adveheret,
625 2744 679 2809 vel
693 2743 725 2809 si
738 2742 871 2810 fortuna
884 2744 920 2810 in
930 2763 966 2828 se
978 2763 1095 2812 nasum
1108 2751 1218 2808 muta-
1322 2737 1327 2748 “

124 2849 186 2920 ret,
202 2861 269 2910 nna
283 2849 384 2928 atque
396 2843 514 2910 eadem
527 2845 699 2928 sepultura
712 2863 787 2911 cum
802 2845 981 2912 carissimu
990 2846 1056 2909 sibi
1070 2844 1218 2912 omnium

124 2941 277 3026 mataps
320 2943 490 3028 lutegrum
500 2945 670 3028 exscripsi
679 2946 805 3025 locum,
820 2945 902 3030 quia
913 2963 959 3009 ex
969 2949 1101 3010 nexunt
1112 2959 1221 3024 oppo-

125 3043 249 3109 sitione
262 3043 887 3130 rerumliqusre.satisputo,legeudum
899 3041 1221 3122 esso,‘matururut.'

127 3143 181 3208 De
202 3150 307 3212 morte
329 3146 419 3210 enim
442 3147 564 3229 agitur,
578 3165 679 3229 quum
702 3147 869 3214 obiturum
895 3164 1031 3231 quoque
1044 3139 1221 3218 Achillem,

124 3246 231 3312 serius
244 3254 308 3314 ant
329 3248 441 3328 nitius,
460 3256 588 3313 eertum
617 3258 702 3327 erat,
721 3249 782 3314 sed
810 3249 846 3316 id
874 3248 1046 3324 incertum,
1060 3264 1102 3311 un
1123 3244 1221 3310 mori.

125 3351 529 3434 ammetantequm
541 3349 664 3415 rediret
688 3351 745 3415 ‘in
765 3350 911 3435 patrium
932 3348 1067 3414 solum!
1109 3344 1220 3412 Omns
1309 3411 1313 3420 ,

126 3447 197 3524 sd
211 3447 320 3535 ἰξιχῆν,
333 3455 369 3516 et
383 3469 444 3536 per
459 3446 608 3534 nepai,
630 3451 765 3534 ponitur
785 3449 841 3514 hio
854 3467 916 3533 pro
928 3448 1112 3516 novissimo
1126 3465 1220 3524 casu,

123 3549 198 3614 bon
220 3557 281 3628 est,
300 3557 428 3618 morte:
449 3551 551 3636 plano
573 3558 613 3616 ut
635 3551 678 3616 de
695 3569 738 3616 aa
753 3550 863 3616 dicere
884 3549 1038 3616 solebant
1052 3547 1219 3644 Veteresj

7 3683 9 3734 ,
123 3655 137 3688 ‘
148 3650 185 3716 ni
206 3651 289 3734 quid
308 3653 372 3718 ribi
384 3651 582 3720 accideret?
626 3654 682 3720 Itu
703 3641 843 3720 s'ueron.
858 3648 1038 3734 Aug-101.
1058 3655 1092 3715 et
1111 3649 1220 3734 Galig.

123 3751 162 3818 8.
211 3747 338 3816 Noster
357 3753 441 3820 inira
453 3753 496 3819 de
518 3753 585 3819 boo,
604 3753 680 3839 ipso
695 3751 840 3830 Achille,
855 3767 907 3816 ιιι.
920 3751 975 3818 ld.
997 3749 1219 3817 ‘deflentibus

7 3875 8 3900 ³
123 3852 265 3922 eunetis
280 3867 394 3916 oasnn
413 3855 495 3920 tanti
516 3853 601 3932 riri?
616 3854 680 3920 bon
697 3860 758 3931 est,
772 3857 921 3920 mortem·
966 3851 1012 3919 El
1027 3852 1077 3918 sio
1092 3851 1221 3937 possim

7 4037 8 4048 ¹
169 4068 232 4121 ιιι.
253 4051 310 4119 sl.
331 4049 489 4139 ‘Quippe
500 4055 537 4122 hi
549 4055 605 4122 fisi
616 4075 720 4142 regno
732 4075 794 4141 per
801 4055 1025 4140 juventutem,
1039 4070 1118 4117 oum
1133 4070 1222 4118 sern-

7 4247 9 4260 .
122 4175 183 4243 por
196 4153 404 4241 eupiditate:
415 4156 524 4232 animi
542 4177 679 4242 quoquo
693 4157 796 4224 modo
810 4155 947 4241 explere
960 4151 1118 4240 gestiunt,
1134 4151 1222 4216 ultro
