3176 4976
496 410 543 458 ult
568 412 685 458 BELLO
708 411 881 460 'PROJANO
906 412 978 461 Lttt.
1003 414 1058 462 lll.

230 550 317 629 Quae
332 553 438 616 saltus
452 554 597 634 ingressa
611 574 735 632 noros,
746 573 897 636 praesepe
913 560 1083 637 paternum

229 652 365 717 Incesta
378 655 519 737 liquisse
534 655 614 736 tuga
629 662 824 738 taurumque
834 655 984 740 jugalem

229 752 375 833 Diceris,
389 764 423 819 et
436 762 573 818 nostros
586 757 674 838 petis
684 757 873 838 importuna
886 759 1046 838 penates?

229 853 293 929 Ite,
309 856 382 932 viri,
399 856 495 919 Dens
510 857 557 920 ire
568 856 676 940 jobet,
688 864 858 940 pontoque
873 858 1016 938 velique

229 953 403 1020 Maternus
417 957 552 1022 abolete
566 957 669 1037 faces,
684 978 727 1022 ne
740 958 823 1023 dura
837 967 1004 1043 sequetur,

119 1070 127 1079 ·
229 1054 339 1133 Quam
355 1059 473 1135 cecini,
489 1059 612 1126 clades.
652 1060 711 1125 Sic
726 1061 846 1142 paucis
860 1067 978 1143 questa
991 1062 1152 1145 quiescit:

229 1157 487 1244 Expediuntque
501 1160 610 1245 Deum
625 1162 770 1245 suspiria
783 1162 888 1245 longa
897 1162 1060 1227 relictum.

270 1258 337 1323 His
350 1259 470 1326 hilares
484 1262 610 1328 haerent
623 1263 734 1339 animi,
749 1269 905 1348 totusque
919 1263 1088 1328 faremnm

228 1359 368 1443 Sopitnr
386 1363 565 1446 strepitus:
587 1364 751 1429 favissent
766 1366 897 1446 agmina
910 1366 998 1430 vatis
1107 1444 1111 1451 ι

228 1460 381 1545 Imperio,
397 1471 506 1529 motas
518 1468 703 1531 reverentia
717 1466 878 1550 principis
889 1468 957 1533 iras
1005 1476 1009 1481 “

226 1561 359 1642 Obruit,
368 1565 580 1652 indignisque
595 1568 690 1634 datur
705 1568 898 1634 Cassandra
913 1569 1055 1634 catenis.

225 1661 305 1729 Rex
319 1664 481 1732 Helenam
497 1669 587 1748 lenit,
602 1670 806 1754 inopinaque
823 1671 943 1752 probra
961 1670 1121 1751 gementis
1138 1658 1139 1662 ¹

226 1764 362 1831 Solatur
375 1769 529 1834 blandis:
553 1772 699 1851 suspiria
715 1771 814 1848 uatis,
830 1769 969 1833 anhelas

226 1867 379 1933 Excusat
391 1870 504 1945 turias,
527 1871 716 1950 celeresque
732 1870 775 1932 ad
791 1869 904 1951 jurgia
919 1887 1032 1943 voces,

226 1967 270 2032 Et
283 1968 367 2031 vitio
383 1970 506 2052 capitis
521 1969 640 2033 solitos
654 1969 775 2031 saevire
789 1967 960 2030 turnultus.

270 2067 345 2131 Nee
359 2087 465 2144 mora,
479 2068 616 2131 lascivit
626 2067 756 2130 solenni
767 2068 858 2147 regia
872 2067 965 2131 cultu

227 2166 382 2250 Imperiis
396 2175 512 2232 ornata
528 2167 634 2244 ducis,
650 2166 826 2250 taedasque
840 2166 1015 2250 pudendas

225 2266 333 2330 Tollit
347 2268 478 2332 adulter
494 2268 638 2352 Hymen.
669 2267 792 2333 Melius
809 2268 916 2351 caligo
931 2266 1100 2351 protunda

225 2368 392 2434 Pollutnm
408 2372 578 2434 mersisset
592 2389 701 2454 opus:
722 2369 803 2453 quid
817 2372 949 2435 nomine
963 2388 1061 2434 sacro

192 2534 194 2539 .
224 2470 387 2535 Incestum
399 2471 700 2555 phalerarejnvat't
722 2470 901 2556 praetendit
915 2479 1034 2554 operta

680 2604 856 2625 mouente

256 2682 303 2728 ³8?
320 2678 428 2728 Blandae
437 2678 486 2728 Ed.
498 2679 605 2729 Monet
615 2676 745 2741 Sponden.

713 2789 820 2841 NOTAE

254 2876 303 2921 889
319 2873 352 2921 Et
372 2872 431 2921 eitie
453 2870 539 2936 capitia
559 2871 640 2921 solitos
662 2871 744 2920 mire
784 2880 867 2922 tarum
886 2872 991 2936 iusignia
1009 2871 1179 2934 phaleris‚’rr.
1211 2870 1310 2921 Neuter

221 2946 345 3011 latratu]
360 2946 511 3010 Εὔφημσμδς
529 2947 573 3005 τῆς
587 2946 648 3008 rapas
664 2945 744 3003 νόσου,
783 2947 931 2997 Terentium
951 2948 1078 3010 requitur,
1100 2945 1310 3009 qui‘pbalerata
1356 2990 1360 2999 .

221 3024 355 3073 comitialia
373 3023 470 3073 tnerbi:
488 3024 521 3072 de
542 3037 592 3086 qno
614 3022 694 3070 nurlta
712 3022 744 3069 ad
785 3019 872 3076 dicta‚'
889 3019 976 3069 fucata
993 3028 1021 3068 et
1041 3018 1132 3068 aava
1146 3026 1231 3068 vocat.
1247 3020 1309 3068 ‘ln-

223 3098 358 3162 Apuleium
370 3098 459 3160 Scipio
469 3098 591 3147 Gentilis.
785 3095 899 3145 ceutum’
911 3095 990 3157 igitur
1000 3097 1008 3122 ⁴
1018 3096 1152 3158 phalerare
1160 3095 1261 3143 nomine
1271 3108 1310 3143 aa·

254 3177 301 3222 tus
330 3172 397 3227 Quid
420 3173 514 3221 nemin
536 3187 603 3222 ancre
628 3172 747 3222 Incertaea
785 3170 847 3232 cru‚'
862 3180 902 3220 ert
920 3171 1032 3235 conjugii
1049 3170 1126 3219 titulo
1142 3168 1265 3232 palliare:
1281 3177 1311 3219 ut

198 3290 203 3299 ,
219 3247 428 3312 plalnurejureat]
443 3252 745 3300 rv.1⁰1.‘mixtavirunn
788 3247 855 3296 llldo
873 3245 941 3311 apud
959 3245 1050 3311 virgil.
1074 3243 1246 3307 ‘Coniugium
1267 3259 1309 3293 ro-

224 3324 374 3387 pbateraut.’
389 3325 561 3376 Glossariumr
573 3327 696 3383 ‘interm
709 3327 746 3374 ta·
786 3330 839 3387 cat,
859 3323 906 3373 boe
929 3320 1032 3372 celabat
1059 3319 1161 3371 nomine
1182 3316 1310 3384 cnlpamr'

223 3396 354 3461 natam
366 3402 497 3450 inventurn
509 3402 641 3467 Tarquinii
653 3402 745 3464 Pristi,
786 3400 853 3464 quud
866 3406 906 3450 est
923 3398 992 3459 πηλᾷ
1001 3395 1079 3457 πηλὸν
1094 3390 1217 3458 ewulm,
1228 3404 1257 3444 nt
1273 3394 1310 3444 ⁸31

223 3482 252 3525 ut
268 3476 358 3526 Florus
373 3491 391 3526 r.
405 3483 429 3525 t.
447 3490 543 3529 monet.
577 3479 617 3528 De
635 3474 745 3541 pbatrria
786 3474 908 3525 Naaiana
918 3490 943 3538 p.
953 3477 1010 3524 42⁰.

222 3552 323 3616 prolixe
347 3553 480 3604 Manutius
502 3556 527 3604 in
554 3555 676 3608 Qruaaitia
698 3569 745 3618 per
781 3548 784 3553 ⁴
817 3553 864 3600 tut
882 3546 1309 3613 Praaauaopmeereetotam·

222 3628 308 3693 Epist.
331 3642 355 3679 c.
371 3632 412 3678 ro.
428 3629 569 3681 Marcellus
586 3628 702 3679 Donatus
719 3630 744 3678 in
783 3624 842 3687 rica]
859 3626 918 3675 lluc
929 3634 980 3688 eat,
990 3624 1059 3690 qnod
1071 3624 1228 3674 Dracontius
1240 3622 1311 3673 dice·

222 3703 332 3753 saeta
349 3705 390 3752 8⁰.
424 3704 526 3768 Lipsius
537 3706 570 3754 de
584 3719 612 3755 re
629 3705 745 3766 militari,
783 3701 968 3761 bat,‘Quoerit
979 3713 1054 3763 oparn
1066 3700 1166 3763 sceleri,
1177 3712 1309 3763 perquam

221 3779 290 3829 Diri.
298 3784 323 3829 o.
333 3776 416 3828 Varro
423 3780 600 3831 Hecatembe:
618 3782 626 3808 ‘
639 3780 690 3830 Ubi
700 3781 744 3830 iila
784 3774 1038 3838 taltaturboneataq’
1049 3776 1117 3825 ilex.
1127 3780 1183 3826 445.
1194 3776 1310 3825 Sumtnm

220 3853 742 3922 platerarageuruenqueephippia!1²0·
784 3854 907 3903 aetatula
926 3850 1128 3902 terminantibus
1145 3859 1174 3899 et
1193 3850 1310 3911 carioris,

222 3935 287 3979 tren.
315 3930 458 3980 ‘mutieres
485 3932 595 3994 phaleris
622 3933 743 3983 uruatua'
784 3922 1307 3993 qnibuabractearsuperinducebaut.Je-

221 4008 273 4056 rit:
290 4007 358 4073 quod
370 4006 403 4055 de
414 4007 558 4069 margaritis
568 4023 583 4056 e
595 4009 687 4072 pelago
697 4008 743 4061 Ju-
785 4003 867 4054 venal.
879 4003 933 4053 Sat.
944 4015 1007 4052 λιιι.
1018 4002 1026 4028 ‘
1037 4001 1192 4053 bracteolarn
1203 3998 1235 4048 de
1246 4000 1309 4051 caa-

220 4084 279 4133 nlua
296 4081 418 4146 explieat.
443 4081 573 4144 Aristuptr.
589 4083 615 4133 tn
633 4084 744 4135 Acbaru.
784 4088 840 4131 tore
857 4076 970 4128 ducunt!
993 4077 1063 4129 ilinc
1079 4078 1234 4128 ‘bratteata
1251 4075 1309 4126 feti·

219 4160 259 4211 lle
273 4159 335 4223 apel
348 4156 526 4223 χαλκοφάλαρα
541 4158 633 4218 δόματα
648 4162 743 4221 mab
783 4152 943 4216 cttaa'apnd
953 4153 1015 4203 Seu.
1027 4154 1076 4218 Ep.
1088 4156 1144 4202 441.
1177 4151 1306 4202 Antonius

219 4237 452 4290 Pindenessum
468 4234 655 4299 Symmachum,
670 4232 745 4285 ‘Vin
785 4232 862 4281 rero‘
873 4229 1034 4280 bracteatum
1051 4225 1168 4280 dietum’
1179 4228 1205 4276 lu
1222 4227 1307 4278 Pane·
