3208 4968
309 421 375 488 358
711 430 763 479 sn
787 430 997 479 sscrorrnrr.

311 596 376 644 non
389 574 536 650 diffiteor,
549 571 641 638 illius
651 572 782 637 auxilio
792 571 910 639 Polites
924 574 1078 658 petriam,
1090 592 1215 638 nomen
1225 579 1258 638 et
1271 575 1395 658 ingeni·

312 699 365 743 um
379 675 519 740 restitui.

350 776 521 860 Josepbus
535 778 645 859 itaque
661 774 817 852 Isconus,
833 782 914 858 post
928 778 978 841 tot
992 778 1117 843 saeculo
1130 783 1165 843 ct
1177 778 1321 860 ingenia,
1338 799 1397 843 eu·

310 899 369 945 sne
390 878 435 943 ob
451 877 598 962 Trojom,
614 883 649 941 ut
663 875 807 941 Plautus
819 875 976 959 loquitur,
992 882 1172 944 exereitum
1186 878 1322 957 ducere,
1339 880 1396 964 ju-

310 980 458 1047 ventutis
480 979 557 1045 illes
570 978 690 1052 mines,
712 982 749 1042 ut
766 976 901 1059 quidem
919 998 997 1042 mee
1016 981 1131 1063 opinio
1143 986 1207 1059 est,
1221 981 1398 1064 splendide

311 1084 464 1149 exeruit:
495 1082 647 1164 viamque
669 1079 737 1144 illis
760 1078 804 1144 ed
822 1079 947 1144 famem
972 1083 1138 1163 qumsivit.
1182 1082 1279 1167 Opus
1300 1102 1396 1147 suum

287 1225 288 1229 =
311 1185 450 1249 'l'bomm
471 1181 703 1249 Gentusriensl
724 1180 899 1265 Episcopo
922 1190 957 1246 et
977 1183 1130 1251 Henrico
1146 1201 1186 1248 rr.
1213 1186 1396 1268 inscripsit.

311 1285 460 1350 Thomas
475 1304 554 1350 vero
566 1283 759 1368 Episcopen
773 1283 864 1348 illem
876 1283 962 1349 editt
975 1284 1076 1351 Auno
1091 1303 1150 1353 ere
1160 1302 1280 1350 esxrr.
1294 1285 1397 1348 inter-

311 1385 417 1450 fectus
431 1405 517 1451 enno
533 1402 592 1450 crn
606 1400 727 1450 csxx.
743 1386 799 1451 vel
813 1387 973 1470 sequenti,
988 1393 1024 1453 ut
1043 1388 1213 1469 sylvester
1227 1384 1396 1471 Gyrsldns

311 1486 365 1552 20.
387 1488 522 1553 scribit:
547 1506 592 1552 ex
615 1506 683 1572 qno
708 1489 820 1571 liquet,
842 1487 939 1552 istius
953 1484 1102 1552 octennii
1117 1506 1204 1552 nuno
1219 1484 1397 1572 eliqno,li-

309 1584 388 1653 bros
401 1587 463 1653 bos
476 1588 677 1671 publicatos.
719 1586 942 1653 Antiocheido
957 1587 1061 1653 etism
1076 1587 1397 1664 udomessedicitur,

311 1709 355 1755 cx
369 1708 437 1775 que
451 1709 565 1755 versus
579 1690 684 1755 bobes
698 1691 733 1754 in
748 1688 850 1754 Notis
869 1689 912 1754 ud
932 1688 1032 1755 finem
1048 1706 1088 1755 11.
1120 1688 1335 1755 cambdenus
1349 1689 1399 1752 ait

313 1789 355 1855 ed
372 1790 558 1857 Hubertum
571 1790 873 1876 Arebiepiseopum
888 1791 1170 1869 Gentnuriensem,
1185 1789 1341 1874 quandem
1357 1789 1399 1853 il·

311 1892 381 1957 lum
396 1893 539 1970 misisse,
554 1900 589 1956 et
601 1893 755 1959 floruisse
767 1894 867 1960 Anno
878 1910 937 1959 eto
948 1910 1112 1959 eexxtrr.
1122 1914 1199 1978 qnee
1210 1894 1240 1956 si
1249 1891 1316 1956 tide
1327 1891 1399 1954 veri

314 1991 415 2069 dicte,
428 1992 541 2058 forsan
554 1996 810 2077 septuagenario
825 1995 932 2079 maior
953 1998 1120 2061 excessit:
1143 1995 1203 2059 sed
1224 1994 1298 2058 bsec
1312 1989 1398 2075 ἂπόῥ-

315 2099 387 2178 ῥητα
401 2092 514 2176 ἀμείνω.
559 2092 637 2160 Non
657 2095 774 2162 dubito
795 2105 909 2162 eutem
934 2095 1096 2181 plurimes
1116 2097 1254 2174 futuros,
1279 2095 1400 2180 quibus

314 2197 498 2261 laureolum
512 2197 545 2259 in
559 2203 730 2263 mustaceo
745 2198 942 2281 quaesivisse
956 2198 1139 2266 ridebitur:
1154 2198 1214 2282 qni
1223 2196 1330 2262 serula
1344 2195 1400 2278 by·

314 2299 489 2378 pereritica
501 2297 634 2361 omnino
650 2298 744 2363 illum
760 2298 933 2380 abjicient:
942 2298 1017 2380 jum
1030 2307 1098 2364 tum
1110 2300 1195 2363 enim
1205 2317 1302 2363 sures
1310 2314 1400 2361 meus

314 2397 381 2459 istu
396 2405 583 2478 personent.
629 2396 824 2461 Orationem
839 2397 930 2460 illins
949 2397 1053 2461 instar
1074 2398 1191 2461 attritos
1212 2406 1247 2459 et
1269 2397 1400 2460 deestis

317 2500 404 2575 teges
422 2494 645 2576 proletarium,
660 2494 750 2568 δοθῆσι
770 2494 1014 2577 easyynlvoooav,
1031 2496 1260 2578 stribiligiuem
1274 2495 1401 2559 meliori

316 2594 443 2658 smeulo
458 2591 739 2658 descobinendum
759 2612 898 2677 sapere:
924 2595 1025 2658 verba
1044 2596 1259 2670 maculantia,
1279 2596 1401 2680 quibus

313 2714 427 2759 versus
437 2693 625 2773 conscrisit,
633 2694 748 2759 vaii
756 2696 1054 2778 tolutiloquentiam
1064 2696 1329 2776 sonticam,inre
1337 2697 1402 2761 Lu·

316 2796 457 2862 tiuitntis
471 2795 706 2875 intestabilem,
724 2795 973 2879 Minervamque
986 2797 1219 2875 rancidiorem,
1230 2801 1285 2863 cni
1299 2817 1402 2881 spon·

316 2900 371 2982 gie
385 2898 509 2964 deletili
519 2917 617 2982 opus,
631 2917 699 2982 qna
717 2897 847 2982 phrasis
861 2896 1059 2962 distenditur
1071 2897 1228 2982 hydrops,
1244 2896 1296 2974 ἔξω
1309 2905 1402 2984 sepap-

319 3001 466 3090 pemylm
480 2998 663 3066 arcendam.
700 2997 800 3064 Alius
809 2999 993 3083 legirupam
1005 3019 1093 3079 esse,
1102 2999 1307 3084 syllabarum
1318 3009 1401 3087 teur-

318 3127 402 3192 pore
413 3102 566 3180 ninere,
577 3107 703 3168 statera
712 3102 856 3193 euteria,
868 3110 906 3166 ut
920 3100 1030 3166 Varro
1045 3104 1214 3178 monebat,
1225 3101 1306 3167 nibil
1320 3121 1403 3186 pon-

319 3208 442 3288 derare,
456 3228 523 3273 non
545 3202 740 3286 ἁποσμιλιύειν
763 3203 896 3287 stylum,
917 3203 1078 3286 illiusque
1102 3223 1221 3269 nusum
1243 3204 1404 3270 condere:

321 3320 451 3375 saturos
466 3311 582 3393 itaque
598 3328 634 3372 sc
656 3308 835 3384 ambrosia,
855 3324 955 3388 quern
973 3305 1101 3370 insnum
1116 3325 1190 3370 esse
1204 3306 1315 3370 melle.
1358 3306 1405 3372 At

320 3410 422 3485 paulo
435 3412 530 3474 aliter
540 3410 755 3495 judicabunt,
771 3427 858 3491 qnos
877 3427 939 3472 nec
959 3405 1100 3483 φιλαυτία
1114 3427 1238 3486 erecos,
1258 3427 1319 3472 nec
1333 3429 1404 3473 cer-

320 3504 420 3585 pendi
436 3511 583 3574 studium
599 3512 728 3576 strabos
742 3508 888 3575 reddidit
898 3531 908 3575 ε
920 3507 1056 3596 ‘levipes
1069 3509 1252 3575 Simonidis
1264 3510 1405 3575 fortasse

320 3621 386 3666 nen
400 3606 513 3686 noluit,
525 3609 732 3696 stupeamus
745 3616 805 3696 γὰρ
820 3611 869 3674 nal
883 3611 1097 3696 drtypoypaori,
1106 3617 1149 3687 et,
1161 3610 1252 3695 quod
1263 3611 1405 3677 Pbotius

321 3702 363 3766 de
378 3704 507 3772 Basilio
522 3710 748 3791 seleseiense,
764 3711 841 3798 κόρος
855 3711 992 3793 bedebur
1005 3710 1104 3796 χάριν.
1120 3712 1188 3776 Sed
1202 3714 1278 3796 quis
1289 3712 1406 3787 nescit»

321 3805 433 3871 mundi
446 3824 511 3869 nnn
526 3829 625 3877 anem
640 3818 781 3898 plegem,
795 3833 859 3879 nec
875 3813 955 3895 styli
969 3831 1068 3875 nnem
1085 3812 1204 3877 faeiem
1226 3820 1260 3877 et
1274 3818 1405 3878 etatem

320 3928 406 3985 esse,
430 3905 498 3970 imo
512 3927 575 3973 nec
590 3931 657 3977 uno
670 3918 797 3981 soeculo
812 3919 872 3979 eut
892 3931 980 3978 unno
998 3912 1140 3978 eundem
1154 3914 1310 3979 orationis
1326 3915 1407 3978 duc·

322 4022 391 4076 tum
407 4015 612 4090 usurpatum,
626 4019 662 4076 ut
671 4016 855 4096 juventutis
868 4015 1006 4098 spiritus
1020 4018 1193 4082 omittemi
1239 4016 1323 4099 lpse
1337 4014 1408 4080 An·

321 4118 436 4190 gusteo
447 4126 532 4187 aevo,
544 4107 631 4175 ulios
641 4132 765 4195 pressu,
778 4118 1149 4199 uestigateetmotronae
1162 4115 1308 4196 similis}l
1318 4117 1410 4182 elios

574 4242 586 4276 θ
603 4244 668 4297 Vide
679 4246 804 4300 bessem
815 4252 963 4315 Boletllt.
976 4252 1079 4301 Sueten.
1093 4264 1123 4300 rr.
1135 4256 1159 4300 8.
