3176 4976
497 436 545 483 nu
569 437 688 485 annuo
712 436 885 486 rnosarro
913 439 990 487 crn·
1005 441 1062 492 rrr.
1253 429 1318 494 uta

184 594 191 607 ·
231 577 336 643 Arma
349 579 479 654 animia,
493 580 661 661 mentique
675 579 831 662 frequens
846 581 992 646 illabitur
1002 581 1105 666 Argo,

234 679 496 763 Laomedonque
505 679 638 762 jrrcens,
649 684 683 742 et
696 681 811 751 inultm
824 680 969 745 dedecus
979 685 1085 747 urbis.

233 781 515 863 Conclamantque
529 781 657 844 iterum.
701 778 854 857 Quonam
869 801 988 866 nsque,
1004 784 1141 850 olibera
1154 787 1260 869 pubes
1302 792 1308 807 ⁴

108 932 113 939 .
234 880 402 945 Dardanio
416 885 558 961 cognata
568 878 663 955 Jovi,
679 881 842 961 patiemur
856 882 996 946 inultum
1272 886 1318 951 80

232 981 298 1046 Tot
307 979 447 1063 jugulos
461 980 610 1044 rubuisse
626 981 766 1044 secuml
789 987 839 1044 tot
851 982 942 1046 colla
957 990 1127 1066 parentum

231 1083 357 1163 Argiva
369 1085 502 1143 nutasse
516 1083 640 1145 manui
663 1099 729 1145 nou
744 1081 849 1163 impia
863 1085 977 1147 sanxit

234 1179 394 1262 Atropos,
410 1178 474 1243 hoc
490 1180 589 1245 etiam
605 1182 731 1244 nostris
745 1181 936 1246 incumbere
950 1183 1041 1259 satis,

232 1281 381 1345 Ultorem
391 1299 457 1343 non
473 1299 570 1362 posse
585 1280 668 1344 dari.
705 1279 742 1344 Si
754 1282 899 1346 numinis
913 1284 997 1350 iram

230 1381 333 1465 Troja
344 1399 472 1444 merens
486 1383 603 1458 sensit,
618 1400 755 1464 poenam
770 1401 904 1465 quoque
914 1383 1029 1467 judice
1044 1388 1174 1455 Phoebo
1272 1389 1316 1455 85

232 1481 317 1545 Dira
329 1480 504 1563 Myceneaa
520 1481 645 1553 debent
660 1482 814 1547 convivia
828 1502 962 1551 meusne.

233 1581 284 1646 Ite
300 1582 414 1658 duces,
425 1580 543 1646 Venus
557 1582 643 1661 haec,
653 1583 725 1648 haec
742 1585 866 1649 certior
878 1605 980 1669 augur
996 1586 1122 1673 Apollo

231 1682 328 1746 Bella
334 1683 439 1766 jubet,
454 1682 659 1767 fratrumque
671 1685 838 1749 exhausta
851 1685 999 1751 funditus
1013 1692 1094 1755 urbe

231 1783 351 1847 Poscit
360 1782 539 1846 inoffensos
553 1782 702 1863 Phrygio
711 1783 855 1848 ductore
866 1791 1005 1850 meatus.

229 1882 329 1946 Unde
343 1887 462 1957 metus,
476 1888 587 1944 metus
601 1881 699 1959 unde,
714 1883 802 1945 viril
825 1886 995 1948 concessit
1008 1886 1041 1947 iu
1055 1886 1146 1967 ignes
1272 1889 1315 1952 90

229 1982 371 2046 Indutus
382 1980 529 2044 Nessum
543 1978 750 2061 Tirynthius,
764 1999 844 2044 ecce
855 1981 985 2046 timoris

229 2081 343 2144 Causa
355 2080 446 2161 prior
455 2077 584 2156 cessit;
600 2078 780 2161 spiratpar
797 2078 961 2145 Herculis
977 2081 1124 2147 Hector:

228 2178 319 2243 Ecce
334 2179 463 2242 animos
478 2196 560 2259 gens
573 2184 687 2242 nostra
701 2177 804 2244 dabit.
846 2179 886 2244 Si
899 2182 1007 2264 prima
1016 2181 1168 2264 Pelasgis

232 2280 376 2357 Laurea,
390 2278 441 2342 tas
455 2278 641 2361 Phrygibus
655 2278 804 2361 palmam
815 2300 949 2364 sperare
964 2283 1157 2362 secundam,
1303 2346 1308 2355 ,

228 2381 275 2445 Et
284 2386 417 2445 nostros
429 2379 567 2443 rediisse
589 2378 708 2444 Deos:
730 2399 794 2445 ros
808 2381 934 2465 inclyta
943 2382 1066 2447 saltem
1271 2381 1315 2449 95

228 2481 386 2564 Pignora,
401 2497 563 2543 caesorum
571 2477 706 2561 jugulos
720 2479 832 2563 lugete
844 2489 1038 2564 parentum:

226 2581 312 2657 Vos,
323 2579 443 2665 quibus
457 2579 592 2643 uberior
606 2572 773 2663 lacrymas
789 2581 908 2664 injuria
923 2582 1039 2658 nectit,

226 2681 300 2744 Vos
316 2681 425 2763 pietas
440 2687 569 2743 armata
583 2684 689 2744 vocat.
735 2679 793 2745 Sic
807 2700 892 2747 voce
912 2689 1100 2765 precantur,

198 2851 203 2861 ,
227 2779 468 2861 Intenduntque
480 2797 616 2843 manus:
639 2798 745 2861 repas
761 2801 840 2846 curn
855 2783 1007 2847 Panthus
1023 2785 1058 2847 in
1074 2802 1172 2849 aures

227 2881 363 2946 Priscos
378 2879 522 2943 fatorum
537 2879 683 2944 monitus
698 2882 789 2956 serit,
805 2887 840 2945 et
853 2883 942 2964 quod
959 2884 1004 2947 ab
1018 2883 1101 2965 ipsis
1249 2880 1314 2946 100

225 2980 375 3047 Extorsit
389 2979 518 3061 genitor
534 2981 644 3066 adytis
658 2978 875 3063 Euphorbius
889 2979 1003 3057 index,

226 3082 267 3146 In
281 3081 425 3146 medium
442 3081 562 3163 pandit
572 3081 710 3166 proles:
733 3079 960 3163 Lapsurasuh
976 3080 1077 3142 armis

227 3183 401 3265 Pergama,
415 3182 446 3245 si
460 3180 624 3264 Phrygias
641 3182 774 3246 Helene
790 3177 994 3243 conscendat
1007 3169 1043 3243 in
1053 3177 1165 3241 urbes.

226 3338 230 3345 .
266 3281 335 3344 His
345 3281 419 3363 iam
430 3280 521 3345 iacta
535 3281 619 3347 fides
632 3282 785 3359 ducibus,
800 3279 961 3363 vulgique
974 3277 1139 3344 tumultus

227 3381 389 3445 Flectitur
403 3397 412 3442 r
439 3398 461 3442 o
476 3389 600 3463 quanto
610 3384 730 3465 priscis
739 3401 828 3446 nora
842 3381 973 3445 mollius
987 3378 1117 3462 urgent!
1246 3375 1312 3441 105

226 3479 310 3567 Plus
324 3477 445 3563 Superi
465 3488 620 3548 constant
635 3480 768 3549 Pantho
782 3487 985 3547 memorante
1000 3480 1124 3556 sutura,

228 3582 340 3660 Quam
353 3580 485 3646 dicente
500 3581 654 3649 Heleno:
676 3583 805 3649 Priami
821 3591 933 3649 tamen
942 3600 1033 3665 aegra
1047 3578 1185 3645 lacessit

712 3831 823 3885 NOTAE

221 4000 229 4011 .
255 3969 290 4016 88
306 3964 699 4030 l'rrhrrnqurxhcastrsmditar
707 3984 748 4020 sr-
787 3963 1016 4034 numquamne:

222 4041 261 4107 la]
278 4042 442 4104 Atridarum,
451 4043 582 4106 Mycenis.
786 4092 791 4100 ,
819 4048 867 4094 loa
883 4035 1133 4106 melmae]
1148 4036 1251 4102 Melius,
1260 4032 1309 4088 dr·

254 4121 288 4167 00
303 4117 477 4181 ruam-tyn
498 4120 594 4183 mu]
619 4119 696 4170 Orid.
714 4119 747 4170 de
783 4116 1036 4185 ‘inmuodorsllbri
1047 4112 1144 4167 hahuit·

224 4192 747 4260 sjmernto,rrumrerrnorpn‘rrten·
