3144 4982
334 156 353 221 ξ

154 351 162 359 “
272 379 367 443 104⁴
615 392 778 443 morior
802 388 1010 444 cerrensis

1329 442 1343 467 ⁸
1353 460 1369 489 e

274 540 423 605 cunctos,
445 532 523 614 quid
548 534 707 616 egendum
729 534 799 611 θὴρ
821 536 978 599 consulit.
1022 496 1298 619 Sedpriosquum
1314 554 1360 609 οι

274 654 362 701 more
385 635 558 697 sententiae
583 634 782 711 dicerentur,
803 632 932 716 regulid
954 636 1131 702 concilium
1151 644 1286 717 repente
1317 640 1362 701 ir·

151 758 158 765 ·
272 743 436 816 rumpunt,
458 742 559 817 atque
581 736 758 800 inconditis
781 736 931 800 moribus
957 737 1080 801 maium
1105 737 1241 817 singuiis
1266 736 1363 801 mini·

240 848 243 859 ’
270 840 390 909 tantur,
405 835 435 898 si
450 836 555 912 aliter,
568 856 669 919 qnam
684 838 768 920 ipsis
783 837 955 914 videretur,
967 838 1186 901 decernerent.
1206 836 1363 903 =Interim

271 934 379 999 omnis
395 936 539 1017 populus
554 937 689 1018 indigne
711 938 894 1002 admissam
910 938 1078 1019 injuriam,
1098 943 1197 1021 atque
1218 937 1254 1000 in
1273 938 1362 1003 irone

269 1034 403 1100 moduni
419 1036 525 1100 multa
540 1037 617 1112 elia,
632 1055 706 1100 cnm
720 1037 934 1101 execratione
949 1036 1172 1101 reclamabat·
1216 1036 1270 1101 Ob
1285 1050 1364 1120 quoe
1387 1060 1391 1070 ’

269 1135 462 1200 Alexander
486 1136 641 1219 cupidine
671 1138 772 1201 animi
795 1155 956 1220 praeceps,
981 1138 1104 1201 veritus
1125 1156 1166 1202 ne
1195 1138 1276 1221 quid
1303 1139 1363 1203 ed·

268 1248 403 1302 veroum
425 1256 460 1300 ee
476 1256 498 1300 e
517 1240 738 1325 popularibus
759 1241 907 1314 oriretur,
931 1237 1077 1320 stipatus
1099 1239 1236 1303 armatis
1256 1238 1364 1302 fratri·

270 1339 334 1401 bus
362 1338 526 1419 impeturn
555 1340 591 1402 iu
618 1339 861 1437 multitudinem
889 1338 983 1414 lacit,
1008 1338 1148 1402 multos¹
1171 1340 1362 1402 obtruncet:

268 1437 389 1519 reliqui
410 1439 594 1503 interventu
610 1458 795 1521 procerum,
817 1438 876 1523 qni
898 1439 933 1501 in
949 1438 1092 1502 concilio
1114 1438 1257 1514 lucrant,
1279 1438 1363 1503 duce

268 1536 451 1601 liberantur
465 1535 644 1602 Antenore.
687 1539 742 1603 Ita
762 1539 894 1603 iniectio
916 1541 1031 1615 rebus,
1054 1541 1198 1621 popolus
1219 1544 1365 1604 contem·

271 1637 323 1727 tui
349 1637 513 1714 habitus,
531 1657 600 1702 non
630 1640 703 1702 sine
728 1639 876 1720 pernicie
913 1633 1000 1713 sual
1033 1637 1170 1700 domum
1197 1637 1366 1703 discedit.²

272 1734 335 1819 [9.]
359 1736 446 1802 Dein
469 1747 591 1803 secuta
604 1739 658 1802 die
671 1756 734 1802 rex
755 1737 885 1801 hortatu
909 1736 1064 1801 Hecubae
1086 1737 1252 1800 Helenam
1267 1736 1364 1814 aditi

275 1850 417 1920 eamque
431 1840 571 1920 benigne
591 1840 749 1915 solutoris,
764 1838 888 1900 bonnm
903 1836 1051 1901 animum
1077 1837 1125 1899 uti
1149 1843 1272 1916 gereret
1288 1835 1365 1900 hor·

275 1943 376 2014 ietur,
391 1959 469 2021 quae
483 1940 644 2022 cujusque
659 1946 773 2016 esset,¹
794 1937 939 2020 requirit.
982 1937 1071 2000 Tum
1094 1936 1164 2012 ille,
1178 1933 1364 1999 Alexandri

279 2054 317 2099 se
337 2035 466 2101 affinem
487 2038 672 2120 respondit,
693 2037 865 2120 magisque
878 2036 922 2100 ed
938 2037 1107 2100 Priamum
1123 2044 1159 2098 et
1175 2033 1364 2123 Hecubam,

277 2155 379 2218 quam
403 2138 445 2200 ad
469 2138 648 2203 Plisthenis
670 2137 758 2200 filios
781 2154 901 2218 genere
922 2136 1090 2218 periinere,
1111 2141 1265 2216 repetens
1279 2135 1368 2198 ordi·

278 2245 381 2299 nemt
402 2257 533 2301 omnem
548 2238 730 2319 majorum:
758 2236 910 2299 Danaum
924 2235 1011 2299 enirn
1037 2242 1140 2317 etque
1156 2231 1365 2315 Agenoremh

281 2340 316 2395 et
337 2337 391 2397 eui
406 2345 440 2397 et
453 2336 578 2399 Priami
601 2337 729 2417 generis
752 2341 900 2399 auctores
922 2354 1011 2400 esee.
1056 2333 1211 2416 Namque
1234 2351 1278 2396 ex
1294 2332 1367 2394 He·

281 2433 395 2495 oioua5
424 2434 534 2497 Danai
560 2434 639 2510 filio,
663 2441 696 2498 ei
718 2431 866 2512 Atlante,
889 2433 1053 2500 Flectrnm
1074 2442 1194 2504 natam,
1208 2450 1309 2517 quam
1320 2449 1364 2495 ex

284 2740 363 2789 tono
383 2738 487 2802 conjicit
508 2738 672 2789 Meroen-ii
696 2740 748 2788 Dei
766 2739 793 2789 h.
817 2740 1074 2791 Dein....errct.-i
1090 2740 1184 2804 Deiph.
1204 2740 1370 2801 maim.-

284 2808 301 2853 2
318 2803 413 2866 Delph.
424 2801 586 2853 discrerit-8
598 2803 694 2867 Deiph.
705 2805 733 2853 D
756 2804 800 2854 ade
810 2836 832 2855 ..
841 2838 848 2853 .
856 2806 972 2854 odiit-t
985 2807 1080 2869 Deiptr.
1091 2804 1264 2867 arigim-t
1274 2800 1369 2866 Deiph.

776 2962 881 3014 NOTAE

315 3076 327 3110 ⁴
344 3072 444 3138 eene]
466 3073 524 3123 Filii
541 3074 647 3125 Priami.
679 3075 807 3126 Putabam
847 3091 930 3127 none:
945 3077 1105 3127 ‘Hortamur
1122 3074 1169 3126 fari
1179 3089 1230 3141 qno
1245 3075 1369 3137 unguine

174 3142 186 3167 ⁴
284 3144 528 3216 legendom‘regii,'
538 3151 810 3214 utrubintelligeretur
847 3161 944 3214 cretur,
954 3153 1056 3205 Quidve
1070 3153 1147 3211 ierat,
1164 3157 1296 3211 memoret,
1310 3165 1368 3214 quar

285 3225 399 3291 ‘pueri'
430 3224 810 3291 Sediirioquiemrtliictyr.
848 3227 1090 3290 ritiidociacupto.¹
1122 3224 1196 3279 Quod
1208 3225 1230 3273 ti
1242 3223 1304 3273 iliud
1317 3238 1368 3275 non

284 3298 484 3360 Sicioirr,‘Et
500 3298 592 3363 reliqui
609 3301 709 3365 reguli,'
724 3301 809 3351 deiic-
849 3308 979 3366 peterent,
1005 3302 1132 3359 dicebant,
1163 3301 1294 3366 ‘quinquie
1322 3298 1370 3350 er)

286 3376 355 3426 dem.
849 3377 932 3438 idem,
954 3376 1018 3427 ibid.
1048 3377 1189 3440 ‘Quisquis
1207 3391 1247 3439 et,
1263 3378 1370 3426 amiraei

316 3444 509 3508 ‘Rectemirtl
537 3446 687 3499 Reciamrre
706 3448 810 3513 proprie
848 3452 906 3502 irino
916 3453 973 3518 jaro
985 3453 1135 3503 obliviscere
1145 3454 1255 3504 ordor:
1276 3455 1372 3504 Noster

259 3516 266 3527 “
287 3530 328 3574 ert
339 3521 529 3582 contradicere,
540 3536 667 3586 recanere,
678 3524 809 3589 refragari.
849 3526 920 3577 erit!
932 3528 1017 3579 .1denr
1028 3536 1056 3579 et
1067 3529 1162 3578 latrina

286 3599 383 3646 Veram
394 3596 434 3644 iric
446 3597 579 3657 ururprrit
590 3611 636 3660 pro
647 3600 742 3664 sepius
758 3601 810 3651 cia·
881 3600 1012 3653 tomum
1020 3605 1082 3653 enim
1088 3600 1309 3667 atq-algerum]
1321 3601 1372 3653 Au·

285 3687 365 3723 mere.
407 3670 487 3733 Cujus
509 3670 702 3734 significationis
722 3680 808 3725 exem·
850 3677 1373 3742 tequemedDeneietAgenorirporrerot

287 3749 358 3811 pium
369 3745 466 3795 srurtrr
477 3745 538 3795 aiibi
549 3761 658 3811 querar.
848 3751 991 3815 deveniret,
1003 3753 1083 3815 ipriur
1101 3753 1185 3802 Danti
1201 3760 1230 3801 et
1247 3750 1374 3815 Agenoris

318 3821 398 3874 'Nor
408 3824 634 3891 rinemicicm]
655 3827 808 3882 Quiamuiri
849 3828 968 3889 cognatio
985 3832 1045 3876 ante
1065 3828 1154 3876 oculor
1175 3826 1296 3890 ponenda
1313 3824 1373 3888 i'oit,

286 3901 358 3949 ceri.
848 3915 906 3965 qoae
926 3901 1058 3962 initient,
1076 3901 1216 3965 Neptunus
1236 3916 1269 3950 ex
1291 3899 1372 3964 Libye

316 3980 329 4015 ⁸
348 3973 409 4029 Quo
426 3972 535 4037 trinepte
550 3975 621 4038 met]
640 3978 699 4029 Hoc
714 3979 809 4042 egebat
849 3975 940 4038 genuit¹
956 3975 1047 4024 Belum
1070 3982 1098 4025 et
1117 3975 1274 4039 Agenorem,
1294 3975 1374 4025 Beier

284 4036 412 4110 Priamei,
424 4057 454 4100 ut
464 4065 479 4099 r
490 4064 517 4098 re
534 4050 654 4101 iuvidiam
669 4064 807 4107 amoveret.
847 4054 980 4102 Dmmm:
990 4049 1374 4113 riciigenorDanaii'nitevun·

283 4123 348 4175 Erat
357 4131 442 4172 rotem
454 4123 496 4172 iiie
508 4125 618 4174 solennis
630 4139 683 4175 mor
694 4125 720 4175 in
732 4126 808 4177 fidem
848 4127 929 4181 coint,
940 4138 1029 4176 eoram
1040 4133 1127 4177 entem
1138 4132 1257 4191 poricror
1268 4126 1305 4176 rio
1314 4137 1374 4189 per·

283 4198 480 4266 recipientium
497 4198 535 4250 rie
547 4200 615 4264 epoti
626 4200 759 4266 virgildc
769 4202 810 4253 Si·
848 4201 964 4268 requitur
972 4200 1076 4267 liictyr.
