3010 4978
307 365 351 431 80
569 383 649 431 rac.
673 381 866 431 rsnrzourr
891 380 1139 473 orssnnrxsrro

308 521 576 603 diligentissimus
599 521 779 587 Reinesius
801 521 845 585 ad
873 520 1058 603 Rupertum
1081 520 1190 604 Epist.
1203 519 1274 605 67.)
1295 521 1386 605 ‘inji-

307 621 399 684 ciens
414 640 452 682 se
470 622 506 683 in
528 639 638 701 rogum
654 610 851 696 Paridis,'i1,
867 620 1005 683 κατὰτόν
1028 619 1144 698 Δίκτυν,
1164 621 1280 706 βρόχοις
1298 625 1391 704 ἀπαγ-

302 718 418 802 χθεῐσα,
436 720 499 784 hoc
522 729 587 794 est,
610 722 697 796 ‘vel,
712 721 894 783 secundum
917 720 1053 803 Dictyn,
1068 721 1200 804 laqueis
1222 721 1391 797 suffocatu,

306 816 360 881 vel
375 817 517 902 deniqne
538 821 719 884 secundum
735 819 998 903 Lycophronom,
1014 819 1056 883 de
1077 821 1158 884 turri
1183 839 1220 885 se
1240 820 1393 904 proecipi-

306 916 402 982 taus.’
444 917 558 1000 Addo,
572 921 673 985 ctiam
687 920 802 984 Toetri
817 920 990 1001 astipulari
1007 918 1167 983 Mulelam
1178 939 1254 1003 pag.
1271 920 1346 983 141.
1361 925 1396 982 et

307 1017 504 1099 Gedronum,
519 1022 577 1104 qui
599 1021 728 1103 pariter
744 1021 786 1085 de
800 1020 943 1097 OEnone,
960 1024 1045 1103 ἑαυτῇ
1063 1018 1248 1104 ἀπεχρήσατο
1272 1019 1394 1105 ἀγχόνῃ,

305 1122 316 1152 ‘
330 1119 476 1202 seipsum
498 1120 644 1185 extinxit
657 1118 864 1203 suspendio!
907 1116 1032 1182 Verum
1051 1138 1128 1182 cum
1141 1119 1175 1183 hi
1194 1119 1273 1202 ipsi,
1289 1118 1393 1183 Malo·

306 1216 359 1280 las
375 1238 451 1300 pag.
466 1221 542 1286 loc.
555 1225 617 1287 &c
628 1226 664 1286 ut
678 1227 711 1285 ot
726 1240 799 1303 pag.
817 1221 890 1284 1110.
905 1226 941 1282 et
954 1218 1125 1283 Cedrenus
1140 1239 1218 1302 pag.
1228 1221 1306 1285 127.
1320 1218 1396 1283 128.

305 1316 473 1383 1211130.
491 1340 512 1384 a
527 1322 621 1386 caedo
638 1321 797 1386 Hectoris
813 1339 919 1402 usquo
937 1319 979 1382 od
995 1338 1108 1383 nocem
1125 1319 1287 1397 Achillis,
1299 1321 1397 1384 immo

306 1423 339 1482 et
353 1425 488 1484 mortem
518 1420 664 1499 Paridis,
689 1440 827 1505 prorsus
850 1419 1050 1484 conveniant
1075 1420 1109 1482 in
1131 1419 1272 1482 eandem
1298 1418 1394 1501 plane

306 1536 415 1582 rerum
437 1539 599 1584 summam
614 1539 653 1585 ac
674 1522 781 1603 ipsam
799 1520 928 1597 seriem,
949 1519 1066 1602 (qnam
1087 1517 1166 1583 vide
1186 1519 1274 1582 inira
1297 1514 1398 1601 519.)

307 1635 383 1681 cnm
405 1626 518 1683 nostro
540 1619 704 1702 Septimio
727 1638 749 1682 a
771 1619 829 1683 lib.
846 1634 902 1680 ιιι.
925 1619 978 1681 15.
999 1636 1105 1699 usque
1127 1618 1171 1681 ad
1194 1618 1252 1682 lib.
1273 1633 1324 1680 ιν.
1346 1615 1399 1680 22.

307 1717 375 1781 nisi
390 1718 479 1800 quod
493 1720 547 1783 hio
564 1719 659 1800 plura
674 1718 777 1800 paulo
799 1717 930 1792 habeat,
948 1716 983 1778 in
996 1716 1061 1779 hac
1076 1722 1186 1779 autern
1203 1736 1269 1781 una
1283 1715 1401 1780 mortis
1415 1775 1417 1781 .

307 1815 555 1882 circumstantia
577 1817 748 1884 videantur
775 1815 970 1894 dissentire3
992 1815 1069 1878 ideo
1087 1815 1198 1879 nullus
1221 1834 1284 1896 ego
1309 1815 1404 1880 dubi-

306 1920 385 1994 tem,
411 1917 493 1999 quin
516 1919 606 2001 apud
623 1917 777 1983 Graecum
800 1916 928 1998 Dictyn
944 1915 1132 1979 adhibitum
1147 1914 1246 1978 fuerit
1262 1918 1405 1979 verbum

307 2017 454 2097 ambigui
468 2037 600 2095 sensus,
616 2025 649 2082 et
670 2017 882 2099 potissimum
897 2016 1025 2101 celebre
1046 2013 1128 2078 illud
1152 2014 1318 2098 ἀπήγξατο,
1335 2034 1404 2098 quo

306 2118 502 2202 simpliciter
527 2119 636 2202 posito
658 2116 927 2200 frequentissime
952 2121 1087 2177 notatur
1113 2112 1343 2195 suspendium,
1367 2122 1404 2180 ul

306 2225 379 2287 orat
400 2218 434 2281 id
460 2238 561 2299 genus
583 2217 780 2282 voluntariae
795 2221 828 2278 et
841 2233 903 2296 per
917 2231 1090 2276 moerorem
1106 2211 1259 2293 quaesitae
1282 2214 1401 2278 mortis

307 2315 570 2390 usitatissimum,
580 2315 641 2378 sed
657 2319 767 2377 tamen
782 2311 968 2375 etiamalio
983 2311 1239 2393 qualiscumque
1254 2330 1347 2375 mors
1361 2331 1406 2376 ex

308 2410 447 2476 tristitia
460 2419 495 2474 et
510 2430 628 2493 angore
642 2412 742 2475 animi
767 2410 871 2473 nimio
891 2414 975 2486 orta,
989 2416 1029 2472 ut
1052 2408 1181 2489 liquido
1206 2409 1337 2474 ostendi
1361 2410 1407 2473 ad

308 2508 437 2573 AEliani
455 2509 534 2572 Var.
550 2509 646 2573 Hist.
662 2526 697 2571 v.
712 2509 743 2574 8.
786 2506 899 2590 Atque
913 2509 961 2572 ita
980 2507 1122 2573 'l'zelzes
1144 2509 1180 2571 id
1202 2509 1346 2573 verbum
1367 2510 1408 2573 de

306 2608 502 2692 suspendio,
532 2628 601 2691 quo
631 2609 730 2673 modo
756 2607 900 2693 periisse
938 2608 1096 2672 OEnonen
1130 2608 1274 2673 tradunt
1305 2610 1410 2674 otiam

306 2705 542 2792 Apollodorus
564 2721 600 2773 et
614 2709 742 2789 Conon,
762 2713 1010 2792 interpretatus,
1025 2708 1197 2772 addidisse
1213 2709 1353 2774 videtur
1368 2710 1410 2774 de

305 2826 381 2885 suo,
404 2806 531 2893 βρόχοις,
554 2812 645 2893 quod
674 2812 784 2894 ipsum
806 2809 886 2874 addi
914 2808 1049 2872 minime
1071 2812 1162 2871 esset
1187 2826 1293 2891 opus,
1318 2812 1349 2876 si
1378 2810 1410 2873 ri

304 2905 507 2992 Ἀπᾶγχισθαι
520 2930 579 2994 per
590 2931 627 2974 se
638 2910 761 2975 nullum
778 2909 872 2973 aliud
886 2928 989 2991 genus
1004 2908 1119 2972 mortis
1134 2926 1236 2990 quam
1255 2915 1411 2993 strangu·

305 3008 472 3087 lationem,
496 3030 570 3094 quae
592 3011 715 3094 laqueo
739 3009 788 3087 fit,
814 3016 965 3075 notasset
988 3008 1079 3092 apud
1101 3006 1271 3076 Graecos:
1296 3012 1411 3094 Septi·

284 3150 288 3159 ,
304 3109 393 3174 mius
407 3129 486 3173 vero
509 3111 555 3174 ita
577 3110 753 3192 accepisse
776 3110 869 3187 illud,
884 3110 984 3192 quasi
1008 3128 1082 3172 eam
1098 3108 1346 3190 strangulasset
1360 3111 1409 3174 in·

305 3209 420 3272 clusus
449 3208 557 3285 dolor,
583 3215 620 3270 et
644 3208 821 3272 immodica
850 3208 1050 3273 suffocasset
1078 3208 1181 3271 animi
1213 3212 1410 3290 aegritudo:

304 3306 402 3385 plane
423 3313 462 3371 ut
476 3306 533 3369 alii
548 3326 681 3388 quoque
700 3315 855 3373 auctores
881 3310 1007 3391 saepius
1028 3307 1111 3373 illud
1128 3304 1338 3390 Ἀπάγχισθαι
1355 3330 1411 3394 per

303 3405 454 3483 generale
478 3407 615 3468 verbum
640 3407 799 3471 moriendi
825 3408 1049 3484 reddiderunt,
1071 3406 1163 3490 quod
1188 3405 1309 3471 itidem
1334 3412 1368 3474 d.
1390 3411 1409 3475 l.

303 3501 481 3583 probatum
498 3504 587 3567 dedi.

348 3616 428 3664 xrv.
450 3602 507 3667 Ita
527 3605 611 3668 satis
631 3605 704 3688 jam
719 3613 846 3670 certum
861 3615 896 3671 et
910 3609 1035 3672 clarum
1052 3623 1128 3668 esse
1142 3606 1234 3685 puto,
1249 3603 1405 3675 Graecos

302 3701 485 3782 scriptores
511 3721 576 3765 non
602 3704 705 3768 alium
727 3706 887 3770 habuisse
909 3711 943 3769 et
963 3704 1120 3768 laudasse
1143 3701 1282 3784 Dictyn,
1299 3728 1408 3792 quam

302 3800 391 3863 hunc
420 3800 542 3881 ipsum,
568 3821 668 3883 quem
696 3805 878 3886 Septimius
900 3803 1022 3869 Latino
1046 3801 1215 3882 expressit
1236 3821 1413 3872 sermone.

303 3896 386 3961 Inde
399 3917 478 3963 vero
492 3900 653 3980 sequitur,
670 3920 781 3964 verum
805 3921 883 3982 ergo
897 3922 971 3965 osse
987 3899 1196 3977 hauddubie,
1211 3903 1308 3982 quod
1320 3904 1411 3988 Sep-

302 3996 419 4061 timius
441 3999 515 4080 ipse
536 3998 622 4061 ultro
654 3998 833 4081 profitetur,
854 4019 891 4064 se
919 3996 1096 4063 ‘libellos'
1117 3999 1221 4062 hosce
1246 4001 1411 4069 ‘Graeca

301 4096 470 4163 orationo'
493 4096 649 4179 scriptos,
674 4099 751 4161 ‘uti
772 4103 876 4176 crant,
899 4098 1015 4168 Latine
1037 4096 1260 4167 disseruisse!
1312 4102 1414 4167 Nam
