3200 4972
495 412 544 463 un
570 410 700 460 uxoro.
723 407 854 457 ruore
875 408 1025 459 auron.
1236 396 1303 463 333

212 554 459 620 Penthesileam
475 555 672 619 obtruncat.t
694 552 747 616 Eo'
762 550 854 615 iacto
869 556 972 615 totum
989 554 1171 617 exercitum
1185 534 1303 638 Troja-
1338 599 1346 609 .

79 720 85 730 ,
212 674 327 719 norum
337 656 495 720 inurbem
506 655 610 736 lugat.
645 649 764 733 Argivi
778 662 856 714 oum
870 652 1022 716 exercitu
1038 672 1166 717 murum
1178 655 1305 719 circon-

213 757 304 833 dant,
317 766 356 821 ut
370 756 461 820 ioras
476 754 615 836 Trojani
626 754 718 817 exire
733 770 798 815 non
813 758 961 834 possent.
1005 753 1088 838 [32]
1109 755 1197 819 Haec
1212 763 1305 838 post-

213 875 316 940 quam
325 856 465 940 Trojani
476 853 637 933 viderunt,
650 853 810 930 Antenor,
820 852 1033 937 Polydamas,
1043 856 1170 921 AEueas
1178 857 1221 921 ad
1232 854 1305 921 Pri·

213 976 323 1021 amum
334 957 482 1021 veniunt.
509 954 623 1038 Agunt
632 974 708 1019 cum
720 974 774 1032 eo,
787 961 824 1020 ut
835 956 1014 1019 concilium
1029 963 1141 1033 vocet,
1150 958 1191 1022 de
1200 958 1305 1023 ioric-

212 1059 266 1122 nis
277 1058 350 1121 anis
361 1057 442 1141 quid
454 1057 497 1121 sit
511 1055 710 1120 iaciendum.
755 1054 910 1118 Priamus
926 1056 1104 1119 concilium
1115 1065 1303 1122 convocat:

213 1158 263 1222 illi
288 1159 541 1242 postulaverunt
564 1154 727 1240 loquendi
750 1154 945 1220 facultatem
960 1155 1052 1221 dari:
1070 1155 1169 1239 jubet
1194 1158 1304 1222 dicere

213 1276 274 1322 eos
289 1259 371 1342 quid
386 1258 589 1323 desiderent.
631 1255 781 1321 Antenor
795 1261 1043 1333 commemorat,
1062 1256 1231 1339 principes
1244 1257 1304 1321 de-

209 1358 362 1423 sensuras
388 1358 500 1442 'l'rone
527 1357 711 1422 Hectorem
733 1361 932 1439 ceterosque
946 1361 1047 1420 nator
1062 1357 1135 1440 ejus
1149 1375 1226 1421 cum
1241 1358 1301 1422 ad·

209 1461 305 1524 renis
327 1460 524 1525 ductoribus
545 1459 737 1524 interiectos
757 1476 853 1537 esse;
873 1476 1013 1540 magnos
1038 1458 1304 1542 fortissimosque

211 1560 325 1625 fflhne
340 1570 457 1626 contra
478 1569 581 1638 stare,
605 1559 903 1642 Agamemnonem,
928 1558 1130 1637 Menelaum,
1154 1559 1305 1642 Neopto·

211 1662 347 1743 lenium,
369 1682 435 1727 non
457 1663 565 1727 minus
583 1661 700 1726 sortem
715 1680 817 1744 qnam
841 1669 936 1744 pater
955 1659 1027 1742 ejus
1047 1661 1181 1737 fuisset,
1199 1658 1302 1745 Ulys-

211 1782 295 1840 sem,
321 1763 510 1842 Nestorem,
535 1761 742 1836 Diomedem,
768 1760 906 1843 Ajacem
926 1760 1081 1837 horum,
1102 1770 1301 1844 ceterosque

211 1883 313 1948 qnam
327 1863 437 1945 plures
450 1879 597 1935 ,summm
618 1859 816 1941 prudentiae.
859 1857 995 1936 Couua,
1018 1859 1187 1942 Trojanos
1210 1861 1304 1924 olau-

210 1983 269 2028 sos
284 1970 319 2027 et
339 1963 501 2027 contritos
521 1978 609 2024 esse.
651 1960 777 2023 Suadet
799 1960 922 2040 potius,
944 1966 982 2023 ut
1008 1960 1166 2025 Heiona‘¹
1184 1963 1250 2039 his,
1271 1968 1306 2026 et

212 2081 289 2144 quae
304 2059 499 2123 Alexander
511 2057 652 2122 abstulit
664 2055 853 2133 reddantur,
867 2064 901 2121 et
914 2077 986 2140 pax
1000 2059 1068 2123 fiat
1119 2060 1302 2141 Postquam

211 2159 319 2222 muita
332 2158 437 2222 rerba
458 2157 499 2221 de
520 2176 607 2238 pace
629 2157 840 2221 concilianda
853 2158 1025 2234 dixerunt,
1041 2160 1148 2240 surgit
1163 2158 1308 2241 Ampor-

214 2257 356 2323 machus
385 2257 476 2321 iilius
502 2257 654 2322 Priami·
677 2256 870 2321 adolescens
894 2259 1116 2323 fortissimus:
1138 2258 1302 2341 malisque

205 2360 328 2427 ,verbis
342 2358 476 2422 adunus
489 2367 542 2423 est
555 2357 765 2435 Antenorem,
787 2364 821 2423 et
835 2361 968 2443 eoquui
984 2365 1232 2435 consenserant,
1254 2358 1304 2420 iu·

211 2455 370 2543 crepare,‘
379 2460 537 2542 sectaque
550 2477 661 2522 eorum
673 2460 788 2543 coepit,
803 2466 837 2524 et
850 2460 986 2525 suadere
1001 2461 1114 2544 potius
1129 2458 1302 2524 exereitu⁸

211 2560 428 2643 inruptionem
442 2558 478 2622 in
492 2566 606 2623 castra
627 2560 745 2637 iacere,
757 2579 861 2644 nsque
874 2559 951 2625 dum
968 2562 1129 2638 vincant·
1148 2566 1205 2625 aut
1218 2560 1302 2624 victi

212 2677 274 2740 pro
288 2660 399 2742 patria
413 2659 624 2722 occumbant.
651 2658 838 2743 Postquam
850 2660 881 2724 is
892 2661 989 2725 finem
999 2661 1092 2740 iecit,
1104 2663 1232 2726 AEneas
1243 2674 1302 2723 ex·

214 2759 330 2842 turpi,
345 2759 476 2823 lenibus
489 2759 697 2841 mitibusque
713 2761 823 2825 verbis
836 2761 968 2840 refutat,
984 2781 1102 2844 paoem
1113 2764 1156 2826 ab
1166 2761 1301 2843 Argivis

213 2861 285 2943 peti
312 2867 535 2944 magnopere⁴
563 2859 690 2925 suadet
747 2861 830 2945 [38]
851 2862 1037 2946 Postquam
1064 2863 1141 2927 finis
1167 2860 1299 2926 dieendi

246 3132 261 3160 ⁶
280 3132 356 3196 Usque
366 3148 389 3182 n.
400 3132 548 3197 Delplr.-t
564 3133 656 3196 Magno
666 3148 736 3198 opere
748 3135 845 3200 Delpb.

703 3296 814 3347 Nom

248 3384 447 3437 ‘Penthesileam
466 3387 602 3450 odtmmt]
623 3389 674 3439 aad
694 3392 738 3442 alii
776 3392 874 3453 ‘nino
884 3391 1057 3455 diminute·
1068 3389 1190 3454 neruda.
1203 3393 1212 3421 ⁴
1223 3393 1300 3444 Filio·

216 3474 304 3513 omnes
318 3476 374 3512 eam
391 3462 424 3512 ab
442 3463 546 3525 Achille
571 3465 679 3515 cecum
700 3466 738 3516 di·
778 3469 924 3520 Aniimnelri
951 3469 1085 3533 rapientis,
1121 3469 1165 3534 qul
1191 3472 1301 3522 maxime

215 3544 288 3590 cunt.
318 3537 385 3587 Vide
395 3537 464 3600 apud
477 3538 584 3601 Dieryn
735 3592 740 3597 ,
778 3544 878 3595 Aurum
887 3544 1028 3595 Alexandri
1039 3545 1155 3609 capiens,
1164 3545 1301 3608 eplendida

247 3613 261 3648 ⁴
274 3612 364 3663 &aa
373 3611 451 3676 potius
461 3617 488 3663 ut
495 3613 597 3670 Bekre,
604 3613 658 3678 irc]
674 3613 741 3664 Vide
778 3617 855 3681 dona,
863 3620 924 3671 Nou
933 3618 1098 3682 permittebat
1108 3619 1235 3670 Helenam
1243 3620 1302 3671 red·

215 3688 284 3754 apud
297 3689 403 3753 menn.
779 3693 842 3744 dere
854 3695 910 3744 rufo
920 3694 1059 3745 Menelao!
1299 3748 1304 3757 .

247 3761 739 3831 ‘Sur'gitAnptmrdufiir'atPrimij
810 3767 868 3819 ‘Er
886 3770 1303 3835 mpuimmsrruntr'rrrrrpure]

214 3836 316 3887 Puteum
338 3844 389 3899 ert,
410 3837 620 3902 Ampidmaehum
642 3839 740 3890 Priami
779 3842 913 3893 Hicioeur
929 3844 1187 3906 tradirtlnguendur:
1212 3842 1303 3895 ‘adbr-

215 3910 296 3963 dilun
321 3911 409 3963 suine.
447 3912 499 3962 &d
520 3914 604 3964 locutu
630 3913 739 3964 Homeri
778 3923 820 3966 tor
828 3917 1037 3968 artAntenorem
1048 3924 1076 3966 et
1086 3930 1130 3966 eoa
1142 3919 1185 3982 qui
1197 3932 1303 3967 conam-

214 3989 283 4039 mele
293 3988 397 4053 accepit
405 3988 500 4049 Dares,
509 3991 549 4039 rei
558 3990 635 4041 atium
644 3998 738 4054 sponte
781 3995 877 4052 rerunt,
904 3991 1039 4055 inerepare
1065 3988 1188 4055 iactaque
1214 3998 1303 4038 eorum

215 4079 262 4115 rua
278 4064 440 4117 immutarit:
456 4062 681 4128 iiim'mmdxoo
690 4065 741 4117 dai·
780 4065 879 4130 cepic’

215 4139 506 4204 §perrumpendum
524 4141 616 4202 mir
631 4140 740 4204 Ἀλιεό»
812 4139 969 4203 rErrrritu]
995 4140 1090 4189 Forsan
1106 4153 1164 4203 pro,
1179 4137 1303 4188 mist.

214 4215 275 4278 ipro
286 4214 521 4281 &tryphoni-tnui
528 4215 745 4278 disp-‚odericus
780 4214 833 4266 sed
843 4216 945 4276 melius,
956 4215 1141 4279 ‘irruptionem
1157 4211 1244 4265 iecere
1259 4226 1303 4261 ex·
