3052 4972
394 327 441 374 ns
462 323 643 374 nrs‘roura
670 325 778 372 uuum
802 326 977 376 rnorem.
1189 317 1240 380 33·

117 470 191 533 -tel
205 465 399 532 ι’ντνδιίσαντνν.
423 486 502 548 cap.
515 467 571 530 24.
584 463 630 529 ‘A
644 468 733 530 bono
748 465 950 549 honestoque
963 467 1093 549 elapsi,'
1109 468 1240 538 Graece

132 576 192 632 τοῦ
215 575 305 630 καλοῦ
326 567 452 651 adpetat
467 561 640 638 ἐκπεσόντες.
681 566 770 630 lbid.
793 567 967 632 ‘Eundem
988 587 1105 632 casnm
1130 576 1239 653 atque·

133 671 273 736 exitum
294 671 475 750 utriusque
491 667 761 744 custodiendum}
775 667 840 732 boc
854 675 917 743 est,
933 668 1115 734 cavendnm
1132 672 1229 754 ipsis,

134 770 313 852 siquidem
328 767 493 850 quicquid
508 769 550 831 ab
564 767 615 832 bis
627 766 756 832 Graecis
770 768 1027 850 in=Polydornm
1049 769 1175 835 Priami
1190 772 1231 836 F.

135 870 389 948 designaretur,
411 867 497 930 idem
524 873 708 931 eventurum
736 873 827 930 esset
855 865 1025 932 Menelao.
1068 867 1125 934 Ita
1152 891 1229 936 vero

135 971 240 1052 apud
256 969 396 1033 Grecos
411 965 619 1042 φνλάττνσθτν,
633 971 643 1002 ’
652 964 837 1030 custodire'
858 973 900 1032 et¹
913 972 923 1001 ‘
935 967 1070 1032 cavere'
1091 970 1230 1053 aliquid.

137 1071 303 1134 AElianus
325 1066 401 1132 Var-
421 1067 515 1131 Hist.
532 1083 555 1129 l.
570 1070 602 1132 5.
624 1067 655 1128 sd
670 1067 721 1147 μὶν
742 1069 801 1152 γὰρ
816 1064 914 1150 δέλεαρ
927 1067 992 1151 οὐχ’
1005 1073 1157 1152 ὑφορᾶται,
1171 1074 1229 1134 οὐδὲ

133 1172 197 1250 μὴν
218 1168 393 1252 muneras
414 1174 509 1246 τοῦτο,
532 1173 666 1232 ‘escam
692 1168 874 1232 nonhabet
897 1174 1101 1249 suspectam,
1124 1189 1229 1254 neque

132 1271 203 1335 sibi
221 1271 266 1334 ab
280 1267 457 1336 secaret!
499 1268 578 1333 Act·
591 1265 712 1350 Apost.
735 1283 822 1331 xxi.
846 1269 899 1331 25.
921 1267 1117 1349 φνλάττεσθαι
1131 1273 1229 1346 αὐτοὺς

134 1372 168 1433 τὸ
191 1365 382 1448 ιίὅωλόθιπον,
397 1372 446 1431 καὶ
468 1371 501 1431 τὸ
524 1368 610 1448 αἷμα,
624 1371 683 1432 &ra
707 1371 763 1432 ‘ut
785 1368 834 1431 illi
851 1375 992 1434 caveant
1014 1370 1079 1434 sibi
1100 1373 1142 1435 ab
1165 1373 1229 1450 ἧς]

15 1523 17 1542 ,
134 1473 300 1551 tauquam
321 1471 452 1534 amalo.
474 1487 552 1551 cap.
565 1468 621 1532 30.
643 1465 789 1549 ‘Virgo'
813 1467 854 1531 de
869 1467 1061 1552 Chryseide,
1077 1489 1152 1552 quar
1177 1481 1227 1538 ta.

136 1589 219 1632 men
235 1577 341 1651 nupta
356 1570 429 1652 jam
448 1569 560 1632 fuerat
582 1567 670 1648 Regi
686 1567 830 1630 Eetioni.
874 1567 962 1632 Vide
978 1569 1030 1634 17.
1074 1571 1140 1636 Sed
1156 1575 1237 1640 sine

138 1669 248 1732 dnbio
261 1670 297 1731 in
310 1668 433 1732 Gracc
444 1669 508 1732 fuit
525 1663 616 1754 Κόρη,
632 1685 699 1748 qua
718 1685 799 1730 voce
814 1665 929 1748 Virgo,
935 1667 1032 1746 Filie,
1047 1678 1082 1734 et
1095 1670 1227 1750 Puella,

138 1770 242 1832 etiam
258 1767 389 1851 Nupta,
403 1775 546 1834 notatur.
569 1787 599 1830 c.
610 1768 664 1832 52.
679 1765 854 1849 ‘Reliquis
868 1767 1010 1832 ducibus
1022 1770 1168 1837 savorem
1179 1780 1228 1838 at·

141 1869 355 1944 tollentibus,’
380 1870 445 1933 boc
469 1874 531 1946 est,
562 1866 709 1951 εὐφημίαν.
736 1869 843 1933 ‘bona
864 1869 1001 1946 omina,'
1029 1873 1110 1953 qnia
1137 1875 1228 1956 qnod

145 1967 260 2033 Greci
279 1971 316 2031 in
339 1969 443 2032 sacris
469 1971 603 2048 εὐφημεῖν,
617 1969 683 2032 boo
704 1967 816 2032 Latini
839 1968 972 2034 ‘favere
986 1969 1126 2049 linguis’
1140 1974 1229 2038 dice·

146 2067 239 2130 bant
282 2068 379 2130 Hinc
396 2068 523 2131 Noster
537 2070 636 2131 etiam
656 2075 752 2131 extra
777 2086 873 2132 sacra
887 2068 945 2130 ubi
959 2071 1084 2148 reperit
1098 2069 1229 2148 νύφημίαν

152 2165 245 2248 apud
260 2173 428 2230 auctorem
440 2185 548 2242 suum,
561 2168 594 2229 id
601 2167 742 2232 reddidit
757 2187 817 2250 per
831 2165 1020 2230 ‘favorem’
1049 2167 1139 2230 Vide
1154 2171 1230 2234 istic

151 2268 253 2330 etiam
279 2267 435 2330 illustrem
459 2265 665 2332 Obreebtum.
707 2267 808 2332 Adde
822 2267 875 2331 bis
897 2285 985 2349 pane
1000 2273 1163 2350 perpetua
1185 2291 1229 2335 ex
1327 2315 1329 2320 -

148 2367 344 2443 Greecismo,
360 2367 577 2448 ‘legatorum
592 2367 811 2434 Palamedas’
827 2383 852 2429 ι.
871 2367 904 2430 6.
928 2365 1141 2432 ‘Graecorum
1158 2369 1228 2434 Me-

143 2467 264 2530 nolaus
274 2464 285 2491 ’
297 2483 336 2528 tr.
351 2467 403 2530 20.
426 2470 437 2502 ‘
453 2467 674 2530 Barbarorum
691 2467 842 2532 Hectore
859 2473 894 2531 et
913 2467 1117 2549 Sarpedone,
1133 2470 1226 2535 Groe·

145 2585 263 2630 comm
284 2565 457 2630 Diomede’
478 2584 517 2638 ιι.
539 2566 594 2630 32.
638 2566 796 2634 Similiter
820 2583 862 2629 ιι.
883 2566 937 2631 38.
958 2567 1011 2630 43.
1028 2571 1086 2632 tm.
1130 2571 1229 2648 Turn,

142 2669 226 2750 quie
241 2666 354 2732 Graeci
381 2668 519 2749 copulas
539 2692 570 2729 τι
592 2666 642 2728 καὶ
664 2668 736 2756 sibi
752 2669 892 2736 invicem
906 2670 1139 2752 respondentes
1159 2672 1228 2735 sero

15 2811 16 2852 4
141 2787 272 2850 smper
290 2769 468 2848 geminant,
482 2767 562 2830 ideo
574 2773 609 2830 et
625 2765 751 2830 Noster
769 2770 893 2850 passim
909 2771 919 2803 ‘
928 2789 991 2852 qne
1001 2769 1051 2834 ct’
1072 2771 1106 2832 in
1117 2773 1228 2852 proxi.

15 2863 17 2944 μ
138 2887 200 2932 me
209 2867 334 2949 jungit,
349 2872 384 2930 et
402 2867 555 2948 opponit.
601 2866 661 2929 Sic
677 2882 718 2930 ιι.
734 2866 787 2932 29.
810 2875 861 2932 ter
879 2886 945 2932 nnc
966 2873 999 2931 et
1018 2868 1111 2932 brevi
1124 2871 1157 2933 in
1172 2890 1231 2935 oa..

137 2969 237 3052 pite:
269 2965 362 3044 ‘Qui
392 2967 437 3030 ob
456 2985 600 3030 amorem
620 2966 766 3047 captivae
788 2966 940 3031 mulieris
970 2985 1071 3047 seque
1090 2973 1124 3028 et
1145 2970 1229 3034 tanti

15 3055 17 3092 ³
137 3067 291 3132 numinis
306 3067 415 3130 Deum
428 3065 608 3131 contemtui
629 3063 809 3142 habuisset,
831 3085 871 3130 ac
893 3084 972 3129 mox
993 3064 1135 3128 universi
1149 3082 1230 3128 exe-

138 3168 231 3234 mati
253 3167 431 3232 deseruere
452 3167 496 3229 ob
518 3165 618 3247 idque
640 3172 676 3228 et
703 3184 864 3230 memores
886 3161 1098 3230 Palamedis?
1139 3162 1230 3228 Dein

15 3243 17 3288 ⁵
138 3265 320 3330 ‘Achilles
340 3267 375 3328 in
395 3285 452 3329 ore
473 3265 618 3328 omnium
647 3266 823 3346 ipsumque
843 3273 878 3329 et
900 3263 1088 3328 Menelaum
1115 3271 1236 3330 contu.

15 3387 17 3408 ι
142 3367 255 3430 meliis
279 3365 473 3430 lacerabat?
514 3364 673 3428 Similiter
694 3380 735 3428 11.
758 3367 811 3429 42.
853 3365 912 3430 ‘N
914 3372 1100 3448 ostrosqne,
1126 3373 1227 3450 atque

145 3465 263 3530 hoster
271 3467 291 3545 3'
311 3467 376 3538 τοὺς
387 3463 535 3548 ἠμπέρους
548 3489 590 3541 τι,
604 3465 652 3526 καὶ
666 3465 730 3538 τοὺς
743 3464 901 3548 conspicor.

199 3568 372 3632 xvr.Satis
387 3567 634 3651 superquebscc
649 3567 834 3632 exduobns
850 3573 974 3631 tentum
984 3565 1078 3630 libris
1089 3566 1229 3638 collecta

147 3664 320 3730 declarant
340 3673 543 3750 quantopere
567 3666 749 3732 Graeoisset
772 3674 886 3732 noster
913 3667 1095 3749 interpres:
1130 3673 1228 3751 atquc

144 3765 242 3833 adeo
264 3784 361 3847 quam
382 3770 554 3851 probabile
578 3771 632 3846 sit,
654 3770 742 3852 qnod
762 3771 820 3846 ait,
846 3787 890 3832 ex
916 3766 1039 3831 Graeco
1059 3767 1227 3850 Scriptorc
1348 3807 1355 3822 ·

141 3871 233 3934 lrsnc
255 3865 424 3932 historiam
438 3888 475 3933 se
498 3869 646 3932 vertisse.
690 3867 810 3952 Neque
834 3869 924 3951 rejici
948 3887 989 3931 ea
1010 3867 1120 3943 velim,
1137 3867 1227 3950 quod

141 3967 306 4037 nonnulla
317 3985 363 4032 ex
383 3967 426 4032 iis
443 3969 540 4036 etiam
561 3970 651 4053 apud
673 3971 758 4034 alios
774 3969 897 4034 alicubi
911 3974 1086 4034 occurrant
1101 3966 1226 4032 Latium

139 4071 287 4154 pingue
300 4068 493 4153 Scriptores.
537 4069 611 4138 Nec
632 4069 720 4134 euim
736 4070 874 4150 singulae
888 4069 1024 4151 pbrases
1039 4067 1227 4148 separatim,

203 4186 292 4248 verpa
301 4191 328 4236 et
341 4185 398 4236 Ver.
407 4185 474 4235 cerr.
615 4183 681 4232 Dirt.
700 4185 758 4231 Cret
1142 4177 1163 4222 C
