3010 4978
305 353 350 421 :ro
560 369 640 417 rac.
663 368 857 416 rnnrzmrrr
882 369 1129 420 nrssurrnruro

306 511 374 575 site
412 508 526 572 Καὶδιὰ
548 507 664 571 Φοίνικα
687 509 734 573 riv
750 508 895 594 Ἀγήνορος
916 514 981 591 ciis,
1002 510 1103 586 οὗτινος
1125 512 1233 598 ἐγένετο
1255 519 1377 600 inirem

305 608 396 681 Adrus
409 608 572 684 βασιλεὺςό
592 609 720 686 Ἑκάβης
733 613 837 694 πατὴρ,
861 613 894 672 ἔκ
913 616 963 675 τοῦ
977 610 1072 695 γένους
1093 614 1120 676 di
1143 618 1193 676 τοῦ
1209 613 1286 678 Δῦνα
1300 616 1344 678 καὶ
1363 622 1379 690 i

304 710 381 785 Λήδα
396 706 491 792 ἔλεγεν
505 708 583 774 river.
628 709 781 775 Maxima
796 712 833 774 in
846 712 910 788 his,
925 719 957 777 et
970 712 1071 776 ferme
1085 712 1238 789 dixerim,
1252 716 1379 791 inscite,

302 808 511 891 antiquorum
526 809 695 873 hominum
706 817 740 872 et
752 810 934 875 fabularum
945 812 1110 889 confusio,
1121 813 1181 877 sed
1194 834 1270 896 quae
1280 833 1381 896 quan·

301 918 336 974 to
350 908 467 990 major,
481 914 514 973 et
524 917 649 992 quanto
662 910 769 991 magis
783 916 836 972 est
850 911 1142 992 singularis‚tunto
1157 915 1277 979 certius
1286 913 1379 977 nohis

300 1011 430 1094 praebet
451 1015 684 1091 argumentum,
707 1029 783 1074 rere
806 1009 967 1076 Maleiam
989 1022 1022 1074 et
1042 1011 1238 1094 Septimium
1264 1016 1380 1098 puriter

300 1130 344 1176 ex
366 1110 485 1174 eodem
507 1109 610 1179 fonte,
630 1109 694 1172 hoc
715 1117 778 1187 est,
800 1129 843 1174 ex
866 1108 988 1176 Graeco
1005 1111 1141 1195 Dictye,
1156 1115 1248 1195 quod
1270 1121 1304 1179 et
1317 1115 1379 1197 ipsi

299 1213 455 1285 tutentur,
485 1229 548 1273 sua
574 1208 735 1274 hunsisse.
787 1211 918 1277 Etenim
947 1209 1117 1294 Agenoreo
1141 1214 1234 1279 fuere
1263 1216 1380 1300 plnres,

298 1330 416 1393 nempe
432 1309 591 1375 Sidonius
604 1309 673 1387 ille,
688 1318 785 1392 pater
799 1312 973 1377 Phoenicis
986 1320 1019 1378 et
1033 1313 1164 1390 Cadmi,
1177 1317 1264 1379 alius
1286 1322 1380 1396 pater

298 1412 416 1483 Phinei
439 1410 588 1486 Thracis,
601 1409 691 1473 illius
713 1411 757 1475 ah
782 1411 947 1494 Harpyiis
971 1416 1096 1491 vexati,
1113 1414 1155 1478 de
1179 1434 1246 1497 quo
1269 1414 1383 1478 Valet,

298 1512 453 1586 Flaccus,
483 1508 605 1591 Argon.
632 1525 682 1571 tv.
708 1511 782 1574 444.
825 1511 930 1575 ‘Non
952 1533 1014 1594 ego
1042 1533 1128 1578 nnnc
1149 1522 1269 1597 magno
1291 1512 1380 1597 quod

297 1619 407 1678 cretus
422 1611 576 1691 Agenore
592 1608 759 1685 Phineus,'
778 1611 907 1676 scilicet
922 1633 1186 1678 commemorem.
1231 1616 1381 1697 Denique

295 1733 381 1780 avus
407 1711 520 1785 ledae,
541 1708 672 1772 Thestii
687 1708 796 1772 AEtoli
818 1717 922 1790 pater.
967 1712 1045 1776 Hos
1069 1732 1198 1788 omnes,
1218 1721 1319 1781 aetate
1348 1719 1382 1777 et

295 1815 404 1897 patria
428 1812 509 1874 iicet
533 1809 695 1885 diversos,
711 1809 745 1871 in
768 1829 867 1874 unum
894 1811 1066 1875 Sidonium
1087 1813 1227 1876 contulit
1248 1813 1381 1896 Dictys,

294 1916 372 1979 dum
398 1912 553 1978 edilium
577 1909 672 1973 refert
694 1910 850 1990 originem
873 1911 974 1976 Lede
997 1919 1032 1975 et
1046 1910 1218 1974 Hecubae:
1240 1918 1275 1972 et
1289 1930 1383 1992 pree·

293 2020 385 2078 terea
412 2031 509 2094 quem
536 2008 697 2092 Agenoris
719 2009 824 2072 tilium
849 2010 905 2074 hic
929 2008 1154 2075 ‘Phoenicem’
1180 2010 1271 2084 dicit,
1300 2027 1380 2072 eum

243 2096 246 2102 ⁵
294 2116 370 2179 dein
388 2130 442 2178 ιιι.
456 2116 487 2177 6.
510 2118 545 2175 et
568 2127 617 2173 ιν.
639 2108 692 2173 22.
713 2108 918 2175 ‘Phineum'
936 2110 1091 2191 appellat,
1111 2107 1259 2190 iecitque
1281 2126 1382 2172 soce-

292 2234 362 2278 rum
379 2212 542 2283 Dardani,
566 2209 653 2272 uude
677 2227 773 2288 reges
790 2208 939 2292 Trojuni,
964 2211 1094 2291 etipse
1118 2208 1255 2290 Dymas,
1281 2215 1380 2290 pater

264 2380 269 2388 ,
292 2310 458 2373 Hecubae.
502 2305 659 2368 Ceterum
675 2324 718 2368 ex
734 2305 862 2368 Malela
877 2314 980 2388 patet,
995 2307 1074 2368 nihii
1096 2307 1150 2369 hic
1166 2307 1199 2368 in
1212 2307 1379 2388 Septimio

289 2410 344 2473 rel
374 2408 493 2488 Dictys
518 2401 720 2466 mutandum.
763 2402 832 2465 Sed
855 2411 889 2468 et
914 2407 1094 2485 posteriora
1126 2404 1273 2482 Maieioc,
1296 2426 1377 2488 quae

290 2506 408 2572 tentari
423 2504 519 2568 video
546 2519 567 2563 a
587 2499 783 2563 doctissimo
806 2501 880 2582 ejus
897 2502 1033 2581 editore,
1048 2506 1105 2587 qui
1131 2506 1235 2569 voluit
1254 2506 1306 2566 καὶ
1327 2509 1379 2583 τὴν

289 2606 392 2683 niter,
405 2605 488 2667 satis
507 2600 585 2663 mihi
599 2597 735 2680 quidem
749 2600 899 2664 videntur
922 2602 1061 2684 integra.
1106 2604 1206 2687 Secpe
1219 2607 1308 2669 enim
1321 2607 1379 2672 hic

288 2717 406 2770 auctor
417 2705 451 2767 in
473 2700 588 2766 eudem
610 2700 759 2763 oratione
780 2701 916 2765 modum
937 2702 1091 2785 loquendi
1112 2706 1253 2769 mutavit
1268 2726 1313 2770 ex
1328 2707 1379 2771 di·

285 2814 378 2871 recto
406 2805 440 2868 in
462 2801 665 2875 indirectum,
685 2818 729 2862 ex
751 2799 841 2864 finito
863 2802 895 2865 in
918 2803 1089 2868 infinitum.
1132 2804 1378 2889 Respiciantut

286 2908 387 2972 modo
401 2907 460 2969 illa
482 2905 570 2987 ipsa,
586 2921 662 2984 quae
684 2901 837 2983 proxime
851 2906 1021 2986 superiore
1042 2905 1253 2986 paragrapho
1278 2909 1377 2973 exhi·

285 3010 431 3073 buimue.
473 3006 597 3069 Sensus
608 3021 685 3066 vero
698 3010 760 3078 est,
774 3000 899 3066 dixisse
911 3003 1074 3067 Helenam
1089 3004 1163 3068 haec
1173 3005 1270 3087 ipsa:
1295 3014 1307 3042 ‘
1321 3008 1376 3071 Ex

285 3129 401 3190 genere
416 3114 526 3172 autem
548 3102 688 3186 Dymae'
713 3101 806 3185 (nam
826 3105 948 3168 rectius
969 3105 1017 3168 ita
1037 3105 1219 3187 Septimius
1241 3115 1374 3186 noster,

284 3228 387 3289 quam
402 3205 548 3270 Malelas
562 3210 597 3265 et
609 3201 784 3265 Cedrenus
807 3202 973 3285 ‘Dynus’)
988 3207 998 3236 ⁴
1013 3205 1115 3269 etiem
1129 3204 1222 3268 Leda
1235 3225 1274 3270 ee
1292 3228 1374 3273 esse

284 3303 436 3368 dicehat'
479 3302 585 3364 Plane
598 3308 637 3363 ut
651 3301 765 3364 eedem
779 3303 961 3367 mutatione
975 3303 1136 3387 loquendi
1150 3303 1330 3371 Cedrenus
1343 3308 1377 3368 ie

282 3400 376 3487 ydrons
386 3403 413 3463 di
424 3400 566 3471 rcriAriru,
581 3402 629 3462 aui
645 3402 724 3477 Λήδα
733 3403 793 3465 ἐστὶ
808 3401 897 3487 μήτηρ
909 3406 998 3487 dipi,
1011 3405 1134 3471 liceret
1146 3405 1223 3467 istic
1238 3413 1377 3488 superi.

283 3523 343 3567 ore
352 3501 828 3585 periufioitumsintexposite.
851 3501 1262 3588 Subjiciuuturhisoedein
1270 3511 1373 3590 apud

279 3602 358 3667 iilos
387 3620 516 3676 omnes,
541 3600 711 3678 Mulciem,
727 3602 923 3682 cedrenum,
953 3613 986 3669 et
1005 3602 1215 3685 Septimium,
1232 3608 1371 3675 eaedem

281 3703 421 3767 Helenae
436 3721 563 3783 preces,
585 3707 596 3736 ‘
611 3721 716 3778 orare,
731 3722 771 3766 ne
795 3723 846 3780 se,
861 3725 938 3788 qum
963 3704 1064 3768 semel
1077 3703 1110 3765 in
1124 3699 1223 3765 tidem
1243 3723 1369 3774 eorurn

278 3810 415 3885 recepta
427 3811 526 3879 esset,
542 3803 742 3885 prodendam
756 3811 924 3884 poterent3
945 3824 986 3868 eu
1000 3821 1114 3867 secum
1129 3803 1228 3867 domo
1242 3804 1368 3872 Mene·

276 3904 333 3978 iai,
349 3922 426 3984 qnee
440 3904 568 3985 proprie
580 3903 730 3978 fuissent,
741 3902 819 3968 nihil
832 3910 988 3985 praeterea
1002 3903 1170 3971 solemn!
1199 3903 1364 3986 Moielas,

276 4002 374 4089 ᾔτησεν
387 4003 484 4074 αὐτοὺς
500 4001 653 4087 dpxe'rcacu
664 4006 702 4083 pi
716 4002 882 4086 προδοθῆναι,
897 4003 944 4065 arri
956 4001 1083 4090 λόγουσα
1105 4006 1187 4087 μηδὲν
1199 4011 1253 4068 rrir
1267 4012 1365 4068 Merr-

276 4102 346 4168 λᾶου
361 4100 511 4185 ιίλῆφίναι,
525 4107 605 4168 ἀλλὰ
619 4100 660 4167 cri
673 4101 729 4168 tha
742 4100 816 4186 μόνα
831 4103 925 4189 ἷλιγιν
935 4103 1019 4191 ἔχειν.
1050 4107 1157 4177 Hisce
1171 4107 1268 4175 dictis
1283 4108 1362 4172 He-
