3200 4972
302 424 368 490 326
672 428 834 478 nruums
859 428 1015 476 rnnrorr

304 576 442 646 eundem
457 571 737 656 Agamemnonem
751 569 977 635 minimarum
993 570 1163 636 discordia
1176 571 1249 636 fieri
1274 592 1388 655 posse.

304 683 390 747 ltem
404 666 650 751 commemorat,
666 671 758 754 quod
773 670 850 734 dum
872 672 902 736 is
925 691 1075 736 summus
1096 673 1276 754 imperator
1290 679 1389 752 osset,

304 798 359 843 res
374 794 532 862 prospere
547 780 651 856 gestae
662 774 739 848 siut,
750 777 784 835 et
794 773 879 836 satis
892 771 1023 836 felicem
1033 772 1213 836 exercitum
1225 771 1328 836 inisse
1339 794 1347 837 ε
1360 773 1389 836 si

263 924 268 942 .
305 879 362 942 eui
377 875 458 960 quid
473 874 564 940 aliud
580 874 742 949 videatur,
757 872 866 935 dicere
882 871 1014 937 suadet.
1046 871 1173 936 Omnes
1187 872 1390 953 assentiunt3

303 975 586 1060 Agamemnonem
598 990 762 1038 summum
777 971 1013 1052 imperatorem
1029 971 1225 1055 praeficiunt.
1248 973 1391 1039 Postera

304 1077 361 1143 die
371 1076 508 1160 'l'rojaui
523 1094 568 1138 ex
581 1073 707 1158 oppido
719 1072 793 1138 laeti
806 1073 841 1135 in
850 1073 957 1136 aciem
966 1073 1139 1157 prodeunt.
1162 1073 1392 1157 Agamemnon

306 1183 420 1244 contra
434 1176 615 1241 exercitum
630 1173 760 1237 educit:
782 1173 899 1256 praelio
921 1175 1101 1238 commisso
1117 1180 1252 1257 uterque
1266 1176 1393 1239 exerci-

301 1286 360 1342 tus
375 1279 461 1341 iuter
475 1295 512 1341 se
524 1274 688 1356 lugentur.
731 1273 917 1356 Postquam
932 1277 1039 1360 major
1062 1293 1140 1357 pars
1156 1274 1221 1337 diei
1250 1278 1392 1354 transiit,

306 1376 458 1461 procedit
470 1377 504 1439 iu
517 1375 632 1458 primis
645 1373 795 1450 Troilus,
811 1374 924 1452 caedit,
939 1374 1103 1450 devastat,
1113 1373 1258 1456 Argivos
1269 1375 1302 1437 iu
1317 1394 1390 1439 cas·

306 1478 471 1558 tratogat.
515 1474 654 1539 Postera
668 1473 723 1539 die
735 1474 873 1559 'l'rojani
895 1476 1078 1540 exercitum
1092 1476 1256 1539 educunt:
1279 1471 1393 1540 contra

307 1573 546 1659 Agamemnon.
590 1574 647 1638 Fit
670 1593 789 1656 magua
811 1575 935 1651 credes,
961 1583 1098 1656 uterque
1119 1574 1289 1639 exercitus
1309 1574 1394 1639 inter

308 1697 345 1742 se
368 1683 525 1761 puguant,
549 1676 701 1759 praelium
727 1695 802 1740 acre
820 1676 868 1741 fit.
914 1676 1044 1740 Multos
1070 1675 1174 1739 duces
1195 1673 1394 1757 Argivomm

307 1776 440 1842 Troilus
467 1776 639 1841 interiecit
682 1777 877 1861 sPugnatur
906 1778 1075 1842 continuis
1105 1776 1223 1841 diebus
1253 1784 1393 1858 septem.

311 1875 540 1960 Agamemnon
553 1877 704 1943 inducias
727 1879 813 1962 petit
837 1881 872 1943 iu
887 1879 972 1943 duos
993 1897 1134 1943 meuses.
1180 1867 1395 1941 Palamedem

310 1976 487 2059 magnifico
501 1977 613 2042 iuuere
626 1977 730 2054 effert,
747 1985 938 2061 ceterosque
953 1978 1056 2044 duces
1070 1997 1112 2042 ac
1127 1977 1250 2043 milites
1263 1976 1396 2059 utrique

312 2079 529 2163 sepeliendos
543 2085 670 2143 curant.
713 2064 795 2159 [tiu]
810 2075 1048 2159 Agamemnon,
1057 2078 1138 2142 dum
1153 2076 1297 2142 induciae
1312 2082 1398 2154 suut,

312 2181 416 2246 mittit
427 2179 470 2243 ad
486 2178 665 2255 Achillem,
681 2177 874 2258 Nestorem,
890 2178 1060 2262 Ulyssem,
1076 2176 1286 2254 Diomedem,
1299 2182 1335 2242 ut
1346 2197 1398 2243 ro·

312 2286 426 2360 garant
438 2280 531 2345 illum
546 2282 580 2343 iu
596 2279 718 2343 bellum
733 2279 876 2362 prodire.
919 2278 1073 2361 Abnegat
1089 2277 1237 2343 Achilles
1246 2284 1398 2355 moestus,

313 2383 404 2463 quod
422 2382 494 2466 jum
510 2384 735 2448 destinaverat
747 2383 782 2446 iu
797 2382 921 2447 bellum
944 2401 1013 2448 uon
1027 2382 1170 2467 prodire,
1191 2381 1235 2444 ob
1250 2378 1284 2442 id
1306 2380 1397 2461 quod

312 2482 510 2564 promiserat
524 2483 687 2559 Hecubae,
702 2502 738 2547 se
749 2484 859 2547 minus
874 2491 1158 2566 pugnaturum,eo
1167 2478 1257 2562 quod
1274 2477 1398 2560 Polyx-

315 2598 411 2644 enam
426 2583 522 2647 valdo
536 2584 679 2649 amabat
722 2583 836 2668 Coepit
857 2584 943 2649 male
967 2603 1026 2648 eos
1045 2582 1198 2664 accipere
1213 2578 1273 2660 qui
1297 2577 1340 2641 ad
1362 2598 1400 2642 se

314 2689 483 2759 venerant,
494 2683 608 2749 diceus
622 2691 818 2768 perpetuam
831 2705 950 2769 pacem
963 2685 1034 2749 fieri
1049 2685 1219 2767 oportere:
1236 2684 1329 2744 tanta
1342 2697 1400 2762 pe·

315 2780 421 2846 ricula
430 2784 526 2849 unius
542 2786 685 2851 mulieris
697 2806 803 2852 causa
814 2786 1090 2863 tieri,libertatem
1102 2780 1293 2866 periclitari,
1306 2785 1400 2844 teoto

315 2887 464 2966 tempore
475 2885 620 2951 diffidere
629 2895 657 2952 :e
670 2906 788 2972 pacem
802 2887 1008 2970 expostulat,
1018 2901 1164 2967 pugnam
1172 2880 1289 2945 renuit.
1309 2879 1401 2962 Aga·

316 2988 485 3052 memnoni
508 2989 724 3068 renuntiatur,
741 2988 821 3073 quid
846 3007 924 3053 cum
940 2985 1072 3051 Achille
1096 2986 1207 3048 actum
1231 2982 1285 3057 sit,
1306 2979 1401 3044 illum

317 3087 528 3170 pertinaciter
540 3110 673 3172 negare.
717 3089 948 3174 Agamemnon
962 3105 1076 3151 omnes
1098 3083 1200 3148 duces
1213 3083 1249 3146 iu
1265 3081 1401 3146 consili·

316 3207 373 3251 uru
387 3195 496 3268 vocat,
512 3192 693 3256 exercitum
708 3190 861 3267 consulit,
873 3186 953 3271 duid
968 3186 1040 3250 ticri
1054 3185 1184 3263 debeat,
1198 3185 1339 3266 imperat
1351 3181 1403 3245 di·

319 3306 393 3353 cere
403 3289 483 3373 quid
500 3291 622 3375 cuique
637 3290 799 3357 rideatur.
830 3288 1005 3355 Menelaus
1019 3286 1140 3353 horteri
1151 3284 1256 3367 coepit
1267 3283 1403 3348 fratrem

320 3405 428 3465 mum»
448 3397 488 3455 ut
513 3393 625 3473 potius
645 3393 809 3458 exercitus
823 3391 859 3456 in
874 3407 1022 3475 pugnam
1036 3387 1187 3472 prodeat,
1202 3405 1266 3451 nec
1281 3384 1402 3449 debere

319 3489 443 3565 terreri,
458 3490 489 3553 si
505 3491 655 3557 Achilles
670 3511 709 3557 se
724 3493 955 3558 excusaverit:
977 3510 1015 3556 se
1034 3498 1147 3555 tamen
1168 3502 1404 3571 persuasurum

320 3585 354 3648 ei
368 3590 405 3649 ut
419 3589 557 3669 prodeat
570 3592 605 3654 iu
619 3593 755 3671 bellum,
776 3612 839 3658 nec
854 3593 963 3661 vereri
986 3593 1017 3656 si
1037 3584 1206 3654 noluerit.d
1251 3586 1405 3650 Comme·

319 3692 439 3764 morat,
453 3686 618 3772 Trojauos
631 3710 699 3758 nou
713 3681 836 3759 l'rabere
848 3694 952 3760 alium
967 3692 1072 3757 virum
1089 3693 1157 3753 tam
1169 3688 1287 3752 fortem
1303 3702 1404 3769 quam

811 3884 918 3938 NO'l'AE

353 4019 365 4046 ⁶
382 4008 458 4058 rma
478 4012 579 4072 tmpore
598 4008 716 4074 defflere]
743 4011 843 4077 idest,
882 4010 941 4076 gr'il
958 4009 1201 4078 remigantem
1216 4007 1275 4073 pr'il
1289 4022 1319 4057 nr
1329 4007 1408 4057 mist

322 4093 395 4137 tanto
412 4093 526 4147 ternpore
540 4084 649 4134 inruano
664 4085 844 4139 redernmma
880 4103 932 4153 pur.
964 4082 1407 4148 lineoruignoitpoiatgs'ilro'mtt.

323 4161 518 4225 reiderperare.
884 4162 1023 4216 deductim
1031 4162 1081 4214 lroo
1091 4161 1193 4213 imitari.

352 4236 433 4287 ‘Nec
450 4235 527 4288 cereri
541 4235 564 4287 ri
580 4232 692 4299 noluerit]
718 4233 843 4291 (sallom
