3200 4972
310 384 376 459 322
676 394 843 445 nsuurrs
868 394 1025 443 enurcrr

312 541 459 615 Stheneli
479 538 581 602 femur
588 538 705 624 jaculo
722 537 796 620 figit
806 534 838 601 :¹²
864 556 964 620 quem
978 543 1015 601 ut
1030 535 1185 602 Achilles
1199 542 1352 622 respexit
1365 548 1399 609 et

312 650 364 708 tot
374 641 550 706 acerrimos
561 639 664 705 duces
679 639 722 705 ab
733 658 773 703 eo
784 638 989 728 interiectos,
1004 640 1150 704 animum
1163 641 1197 704 iu
1212 641 1307 705 illum
1322 642 1399 707 diri-

311 744 422 826 gebtt
435 748 474 806 ut
483 740 533 805 illi
545 741 665 805 obvius
679 739 786 805 fieret..
812 738 1052 805 Considerebnt
1061 743 1151 805 enim
1158 739 1323 819 Achilles,
1332 745 1400 808 nisi

310 844 492 912 Hectorem
516 841 692 919 occideret,
720 841 831 924 plures
857 838 900 905 de
930 840 1126 906 Greecorum
1154 860 1294 908 numero
1323 846 1398 929 ejus

312 946 452 1013 dexteru
466 946 640 1030 perituros.
684 941 791 1006 Multo
801 941 908 1005 millio
920 940 1091 1007 hominum
1099 942 1223 1009 interes
1233 946 1399 1011 nucidun·

178 1058 180 1061 ’
312 1054 376 1117 tur.
409 1047 495 1112 Aere
508 1045 656 1131 praelium
669 1039 855 1108 colliditur.¹
892 1041 1266 1128 HectorPolypoetcm¹
1281 1045 1400 1112 ducem

311 1149 527 1214 fortissimum
556 1144 701 1210 occidit:
724 1148 855 1208 etcum
879 1145 1025 1226 spoliare
1053 1147 1224 1227 coepissct,
1244 1130 1400 1211 *Acumen

312 1249 517 1333 supervenit.
562 1246 619 1311 Fit
640 1265 750 1328 pugna
770 1244 887 1328 major,
911 1253 946 1309 et
968 1246 1094 1310 clamor
1116 1245 1158 1309 ub
1179 1242 1307 1326 oppido
1329 1252 1400 1311 ets

313 1354 386 1415 toto
406 1347 511 1429 surgit
525 1346 684 1411 exercitu.
728 1344 855 1408 Hector
873 1343 1016 1410 Achillis
1030 1347 1137 1409 femur
1152 1345 1293 1409 sauciet.
1335 1344 1398 1411 Ille

313 1448 426 1512 dolore
440 1452 592 1530 accepto,
603 1446 709 1528 magis
724 1466 797 1510 eum
813 1447 967 1529 persequi
981 1447 1096 1535 erupit,
1110 1466 1174 1511 uec
1188 1445 1320 1511 destitit
1333 1446 1398 1510 nisi

313 1549 488 1614 occideret.
532 1544 610 1624 Quo
632 1538 807 1610 interemto
837 1545 999 1629 Trojanos
1027 1548 1061 1610 in
1091 1546 1205 1629 fugem
1229 1549 1335 1626 vertit,
1364 1554 1399 1613 et

311 1651 459 1715 muxirnu
473 1648 566 1713 caede
586 1667 646 1712 eos
667 1654 775 1730 usque
799 1645 843 1710 nd
866 1653 997 1729 portem
1016 1647 1156 1731 fugerit.
1193 1647 1265 1712 ,Cui
1284 1655 1399 1712 temen

313 1746 486 1816 Memnon¹
500 1748 679 1814 fortissime
694 1747 825 1822 restitit.
839 1754 875 1810 ct
888 1748 1007 1811 acriter
1021 1749 1107 1812 inter
1117 1767 1154 1813 se
1168 1753 1398 1813 certaverunt:

311 1851 385 1916 loesi
394 1851 521 1932 utrique
536 1847 771 1913 discesserunt.
810 1845 891 1910 Nox
906 1847 1062 1929 proelium
1077 1848 1211 1917 dirimit.
1246 1847 1399 1914 Achilles

312 1949 464 2014 debello
486 1947 621 2012 saucius
644 1946 741 2011 redit.
789 1945 903 2011 Noctu
920 1946 1400 2030 Trojuuiflectoremlumen-

314 2057 438 2115 tantur.
482 2049 565 2131 [25]
587 2047 732 2111 Postero
746 2046 800 2111 die
818 2046 954 2112 Troilus
974 2046 1142 2131 Trojnnos
1157 2049 1272 2114 educit
1286 2058 1402 2116 contre

313 2150 511 2217 Graecorum
539 2148 734 2213 exercitum.
777 2144 1004 2230 Agamemnon
1033 2151 1218 2214 exercitum
1243 2152 1400 2228 consulit,

314 2251 498 2331 suadetque
513 2247 665 2312 inducias
681 2247 819 2311 duorum
842 2247 1003 2310 mensium
1020 2250 1195 2331 postulari,
1210 2252 1349 2333 quisque
1363 2255 1401 2315 nt

314 2365 395 2417 suos
410 2346 554 2428 sepelire
568 2345 690 2427 possit.
734 2345 852 2426 Legati
865 2344 909 2409 ud
932 2346 1103 2412 Priamum
1125 2348 1399 2431 proficiscuntur:

314 2446 515 2511 desiderium
531 2445 700 2528 prosecuti
713 2452 827 2523 sunt,¹”
841 2445 984 2510 duorum
997 2450 1161 2512 mensium
1176 2447 1329 2513 inducias
1343 2467 1399 2515 nc·

316 2545 454 2627 cipiunt
491 2544 646 2609 Priamus
660 2544 846 2611 Hectorem
855 2553 871 2582 ¹²
885 2565 948 2610 suo
963 2567 1053 2613 more
1068 2556 1144 2614 ente
1159 2554 1288 2631 portem
1304 2568 1399 2633 sepe·

313 2645 401 2719 livit,
417 2643 473 2708 cni
495 2643 596 2708 ludos
623 2643 781 2709 funebres
807 2646 899 2710 facit.
944 2647 1034 2711 Dum
1050 2646 1193 2712 inducite
1217 2653 1305 2726 sunt,
1331 2649 1400 2716 Pn-

313 2743 458 2809 lemedes
472 2745 590 2809 iterum
612 2754 814 2821 noncessut
838 2745 879 2812 de
903 2747 1042 2830 imperio
1065 2748 1231 2829 conqueri.
1276 2747 1399 2835 Itaque

261 2906 267 2917 ,
314 2843 541 2928 Agamemnon
555 2844 716 2911 seditioni
730 2848 836 2913 cessit
855 2853 890 2913 et
911 2848 993 2913 dicit
1014 2868 1051 2912 se
1065 2847 1107 2912 de
1120 2848 1185 2912 huc
1200 2868 1237 2913 re
1258 2850 1399 2919 libemu

313 2946 488 3025 iacturum,
498 2953 538 3011 ut
550 2965 650 3030 quem
666 2948 786 3013 velient
801 2947 1040 3032 Imperatorem
1055 2947 1268 3031 praeficerent.
1310 2949 1400 3013 Pos-

314 3055 388 3114 ters
402 3047 457 3112 die
478 3047 641 3131 populum
656 3046 699 3110 ed
714 3048 908 3112 concionem
929 3054 1046 3112 vocet:
1069 3056 1166 3129 negat
1189 3067 1226 3112 se
1251 3068 1397 3131 unquam

314 3151 472 3233 cupidum
488 3148 618 3233 imperii
632 3148 755 3214 inisset
778 3150 889 3213 auimo
904 3167 1005 3231 aequo
1020 3167 1062 3237 se
1071 3148 1217 3230 recipere
1232 3149 1261 3212 si
1275 3150 1399 3216 velient

313 3251 411 3315 dure:
434 3268 470 3314 se
482 3250 622 3315 libenter
636 3246 773 3313 cedere:
796 3248 878 3312 setis
892 3248 957 3312 sibi
973 3247 1139 3315 essedum
1159 3248 1271 3315 hostes
1293 3251 1395 3317 uicis·

800 3427 906 3479 Nom

312 3521 461 3579 Hectorem,
483 3522 625 3574 horreum
643 3522 716 3575 disco
735 3530 835 3575 esrtsn-
873 3538 965 3576 nonem
974 3526 1055 3575 multo
1066 3524 1166 3575 rutero
1177 3522 1397 3574 Achillecccirnm

314 3604 366 3646 tem
378 3596 487 3654 inducit.
497 3597 530 3647 ΙΙ.
539 3603 570 3648 v.
874 3601 971 3650 dicum
989 3598 1055 3648 Vide
1067 3599 1135 3661 opud
1148 3599 1252 3661 Dictyn.

345 3669 568 3730 *uranum
582 3674 676 3737 junio]
703 3674 762 3728 Her
783 3688 835 3725 nen
905 3683 923 3710 ¹
940 3673 1091 3723 nutrcem
1100 3675 1218 3735 cementi
1227 3671 1294 3735 nrt]
1308 3671 1340 3722 ld
1349 3679 1399 3735 ert,

313 3743 465 3809 nibttegn.
821 3790 826 3797 .
874 3747 1186 3813 exposueredssiderinm
1197 3762 1279 3801 rcum·
1310 3747 1397 3801 Notio·

258 3808 265 3827 ⁶
342 3816 351 3851 ¹
368 3817 543 3881 Amnem
551 3823 681 3887 unitim]
697 3820 834 3875 Novsdic·
874 3831 959 3873 temen
970 3823 1019 3872 trec
1030 3822 1132 3872 imiteri.

313 3893 781 3961 tantoplnorssccliidsrspretinm?
904 3905 917 3930 ¹
942 3897 1056 3947 Prirrrrs
1078 3896 1217 3960 Hectorea]
1253 3895 1327 3951 Seius
1348 3896 1397 3949 nee

345 3967 529 4033 ῑΡὴρσίιι]
552 3969 603 4018 Sed
623 3983 682 4018 rum
699 3972 833 4032 Homerus.
873 3970 938 4021 dixit
949 3971 1143 4035 Durer,ntsiitr
1153 3970 1398 4022 omnitenentis·
1490 4012 1498 4027 .

313 4051 371 4106 port
383 4043 512 4093 rdemtnu
522 4043 672 4107 Hectorem,
688 4045 761 4098 dirce
778 4063 833 4100 cer·
873 4052 962 4107 ποίαις
980 4047 1023 4111 qni
1035 4045 1141 4097 tradunt
1153 4045 1276 4096 Hectoris
1286 4044 1399 4095 csdsrer

313 4114 612 4179 enuntiatorium.
874 4120 908 4171 rb
918 4120 1230 4185 Artiitcrsptrtnm,&c.
1254 4118 1321 4169 Vide
1332 4115 1398 4171 Dic·

339 4184 835 4256 scatrmsumueoettrten.
874 4198 927 4260 tyn.
