3010 4978
300 448 344 519 ot
560 462 639 512 sao.
662 454 854 511 raarzoutr
880 430 1128 510 orsaoa‘r'srro
1223 512 1229 519 ,

155 663 161 677 ·
301 622 389 688 uude
404 624 440 682 et
454 617 635 681 ‘honorem
658 612 817 687 senilem'
837 618 940 682 vocat
959 608 1182 701 Symmachus
1201 611 1261 677 lib.
1278 626 1303 676 r.
1320 609 1380 694 Ep.

299 721 349 805 1.)
369 718 468 783 filios.
512 716 644 800 Nempe
658 716 821 782 Proculus
846 717 909 781 iste
929 716 1055 794 habuit,
1068 722 1107 780 ut
1120 728 1203 793 reor,
1217 713 1252 778 i'u
1274 708 1383 777 metri·

298 819 413 889 monio
436 815 555 882 Aradii
575 815 690 881 Rufini
714 835 873 894 sororem,
892 824 928 882 et
948 835 991 883 ex
1017 832 1060 881 eu
1079 814 1285 880 matrimonio
1313 804 1384 876 uati

299 929 379 988 suut
392 919 437 999 Q.
452 917 557 989 Arad.
575 917 659 984 rtur.
676 917 751 983 Val.
773 917 935 985 Proculus
955 917 1089 983 Preeses
1111 913 1303 982 Provinciae
1317 913 1384 995 By-

298 1040 430 1089 uaeense
452 1017 550 1085 Anne
575 1033 747 1086 sruxxrrr.
769 1028 804 1086 et
818 1019 858 1085 Is
872 1017 976 1085 Arad.
990 1017 1072 1084 Val.
1092 1015 1260 1083 Proculus
1284 1011 1383 1081 Prot.

297 1125 370 1193 urb.
384 1136 558 1186 sruxer.
601 1120 729 1186 Gousul
743 1135 868 1185 stxutt.
880 1128 915 1185 et
925 1119 1041 1185 multis
1050 1118 1127 1184 aliis
1140 1115 1322 1181 houombus
1336 1113 1386 1177 iu·

297 1225 413 1309 signis,
426 1241 511 1307 quos
530 1228 690 1289 memorat
704 1220 852 1287 Marmor
873 1222 962 1306 apud
976 1221 1152 1287 Gruterum
1171 1217 1248 1283 eet.
1261 1221 1296 1283 et
1309 1213 1384 1280 363.

297 1324 460 1390 Sciebant
475 1329 585 1389 autern
599 1323 678 1388 istis
697 1324 915 1409 temporibus,
940 1324 999 1407 qui
1014 1322 1220 1389 diuersarum
1240 1317 1385 1400 gentium

297 1425 431 1491 uomina
451 1424 502 1488 ita
525 1423 719 1507 jungebant,
748 1424 816 1490 uisi
837 1444 878 1491 ea
897 1443 943 1490 ex
958 1420 1134 1508 adoptione
1157 1421 1386 1497 haberentet

296 1532 447 1591 materna
467 1523 605 1602 familia,
619 1525 764 1590 maxime
778 1525 808 1591 si
830 1525 971 1591 illustris
991 1530 1092 1602 esset,
1106 1522 1320 1607 potissimum
1329 1534 1384 1583 su·

296 1640 399 1702 mere,
418 1631 453 1689 st
473 1626 622 1708 paternis
642 1624 765 1691 addere
788 1627 842 1692 vel
856 1624 1067 1710 promittere.
1108 1620 1222 1707 Ipsius
1239 1640 1325 1719 ⁸vere
1341 1619 1386 1699 Q.

297 1722 417 1791 Aradii
438 1723 554 1791 Rufini
582 1723 689 1790 filium
709 1726 765 1793 vel
800 1732 960 1810 nepotem
988 1729 1071 1808 pute
1107 1722 1201 1787 illum
1223 1720 1386 1787 Aradium

297 1821 472 1903 Rufinum,
492 1825 552 1908 qui
567 1823 666 1891 Auno
697 1841 831 1895 uexvr.
852 1827 896 1890 ab
923 1823 1073 1902 iuliano,
1094 1821 1217 1889 Comes
1239 1820 1389 1886 Orientis

298 1925 482 1995 estfactus.
1333 1984 1339 1995 .

341 2042 469 2092 xxxv.
491 2026 547 2094 Itu
559 2045 639 2094 uero
652 2028 765 2112 plures
784 2027 857 2111 jam
876 2027 1039 2093 habemus
1060 2025 1159 2091 istius
1179 2022 1320 2088 nominis
1334 2018 1386 2086 vi·

296 2146 366 2208 roa,
380 2144 425 2194 ex
439 2128 562 2212 quibus
585 2129 727 2211 primum
742 2145 896 2193 eeuseam
919 2142 992 2192 esse
1011 2126 1098 2190 huuc
1116 2122 1266 2207 Septimii
1279 2120 1386 2187 nostri

297 2231 455 2305 amicum,
469 2229 550 2311 quia
564 2228 682 2294 eedem
697 2232 848 2312 tempore
863 2222 951 2292 duos
964 2225 1095 2309 reperio
1108 2223 1255 2291 illustres
1269 2222 1385 2291 itidem

296 2327 489 2407 Septimiae,
503 2325 641 2390 alterum
657 2327 815 2400 Bessum,
829 2327 926 2389 tertio
940 2326 1069 2389 decimo
1085 2343 1173 2389 anno
1187 2331 1265 2409 post
1277 2322 1386 2389 Arad.

296 2421 468 2498 Rufinum,
484 2423 626 2486 alterum
641 2423 850 2505 Acindynum
866 2439 922 2487 xt.
944 2440 1031 2489 auno
1046 2430 1123 2490 aute
1137 2422 1196 2490 Ar.
1213 2423 1386 2498 Rufinum,

294 2523 386 2589 urbis
400 2522 598 2587 Praesectos.
641 2519 842 2586 Posterioria
863 2521 964 2608 hujus
986 2521 1088 2601 filius,
1109 2530 1148 2589 ut
1169 2525 1298 2607 opiner,
1314 2522 1384 2589 eul-

295 2622 371 2707 lega
399 2622 500 2688 etiam
521 2620 586 2686 tuit
613 2621 647 2689 iu
669 2619 855 2687 Consulatu
885 2623 925 2689 L.
952 2621 1012 2687 Ar.
1033 2621 1112 2687 Val.
1140 2623 1274 2689 Proculi
1296 2636 1385 2690 anuo

296 2738 421 2789 uxurr.
463 2722 519 2789 Ex
539 2721 620 2800 illis,
647 2721 769 2799 Basso,
790 2729 825 2787 et
852 2721 1030 2809 Aeiudyuo
1064 2731 1170 2810 patre,
1194 2724 1384 2791 alterutrum

295 2822 490 2893 crediderim
510 2821 616 2889 samse
636 2826 781 2887 uostrmu
809 2822 1017 2908 Septimium.
1077 2825 1165 2891 Num
1195 2834 1295 2904 certe,
1325 2825 1384 2910 qui

293 2924 381 2995 haue
394 2925 577 2995 versionem
598 2927 669 2989 tam
688 2922 894 2991 familiariter
907 2927 998 2993 misit
1019 2928 1063 2992 ad
1078 2927 1124 3007 Q.
1138 2925 1197 2992 Ar.
1214 2927 1385 3007 Rufinum,

293 3028 399 3094 virum
415 3025 500 3094 adeo
513 3024 690 3102 illustrem,
704 3023 844 3109 ejusque
857 3025 1006 3093 favorem
1022 3029 1120 3111 quasi
1137 3027 1214 3111 jure
1228 3047 1291 3095 suo
1305 3048 1385 3095 exe*

294 3130 353 3211 git,
365 3134 403 3197 ut
423 3127 595 3202 scriberet,
610 3130 621 3160 ‘
634 3120 700 3202 uu,
714 3124 839 3191 Ruliue
852 3129 912 3206 mi,
930 3134 967 3195 ut
982 3145 1057 3195 aaa
1072 3133 1134 3201 est,
1148 3128 1225 3195 save
1238 3126 1385 3214 coeptis,’

294 3245 372 3292 eum
385 3230 517 3308 oportet
532 3224 648 3289 itidem
660 3223 768 3290 fuisse
781 3224 922 3293 fortuna
938 3237 974 3293 et
989 3229 1160 3312 diguitatis
1174 3228 1264 3294 haud
1278 3230 1385 3296 multo

293 3323 455 3391 inferioris
479 3323 659 3395 huminem.
700 3322 826 3390 Verum
844 3332 919 3392 uter
941 3328 1089 3408 illorum,
1102 3329 1203 3395 immo
1218 3329 1323 3396 etiarn
1339 3348 1381 3394 au

293 3422 391 3506 plane
403 3422 569 3505 quispiam
585 3440 631 3487 ex
645 3422 727 3502 illis,
736 3424 862 3511 Dictyu
874 3429 961 3495 hunc
977 3429 1101 3496 Latina
1112 3430 1275 3495 amaverit
1289 3429 1383 3497 locu·

293 3524 392 3600 tione,
406 3523 488 3606 quia
501 3523 662 3588 incertum
676 3532 744 3601 est,
758 3525 983 3612 relinquemus
998 3530 1033 3595 iu
1046 3530 1169 3595 medio.

337 3637 480 3689 xxxvr.
503 3621 581 3689 Hoc
596 3625 719 3691 certius
733 3626 931 3695 arbitramur
944 3650 990 3696 ex
1006 3637 1106 3697 aetate
1121 3630 1165 3710 Q.
1178 3629 1298 3698 Ara'dii
1310 3634 1381 3701 Ro

292 3724 362 3803 fini,
376 3723 573 3808 Septimium
598 3724 698 3805 huuc,
712 3727 869 3811 quisquis
891 3728 967 3808 suit,
987 3731 1117 3797 vixisse
1136 3737 1171 3798 et
1197 3732 1380 3801 versionem

291 3825 378 3893 hanc
399 3825 586 3893 confecisse
618 3836 767 3912 tempore
795 3830 1000 3897 Diocletiani
1028 3840 1090 3897 aut
1110 3832 1251 3912 circiter,
1280 3841 1379 3918 atque

292 3926 378 3991 adeo
399 3930 505 4009 paulo
527 3937 616 4007 unte,
631 3948 731 4011 quam
746 3930 1021 4005 Clrriatiauismusv
1041 3934 1077 3998 in
1101 3932 1283 4020 Imperium
1308 3934 1378 4000 rto

291 4043 424 4089 manum
449 4029 512 4092 fuit
541 4028 676 4092 taudem
704 4022 840 4111 publice
862 4044 1030 4119 receptus.
1074 4033 1178 4116 Quin,
1202 4053 1279 4101 cum
1300 4034 1378 4100 huic

293 4124 547 4195 Christianismo
561 4127 721 4194 adversos
731 4130 833 4198 etium
847 4141 968 4217 postea
979 4136 1083 4204 inisse
1096 4137 1273 4222 plumaque
1288 4136 1378 4217 illus·

292 4233 358 4297 tres
380 4226 470 4292 urbis
492 4228 654 4296 Remauoe
676 4227 864 4312 Senatores,
879 4237 936 4307 rel
956 4255 1001 4304 ex
1021 4237 1222 4321 Symmacho
1238 4242 1376 4311 constet,
