3176 4976
289 406 354 478 500
399 496 403 503 .
683 416 835 472 rossem
860 416 985 469 rscnrtr
1064 468 1067 479 ,

290 569 336 635 Et
350 568 496 652 Superos
509 565 614 643 ultus,
628 565 749 648 paneis
764 564 797 627 io
811 561 900 628 bella
914 562 1044 625 secutis

289 669 454 745 Accessit,
468 667 561 745 uicit,
574 665 689 731 rediit:
711 666 833 730 bellom
850 662 1099 728 Herculennllo
1174 710 1179 717 .
1341 665 1387 729 75

291 768 394 834 Nunc
411 768 483 845 erit,
496 774 530 830 et
543 765 670 829 nullum
687 766 793 830 sensit
809 764 899 847 prior
909 762 1018 826 hostis
1032 760 1218 826 Achillem.

293 868 396 947 Quod
412 869 442 931 si
456 866 595 950 gentiles
610 866 742 930 animos
756 883 959 948 cognoscere
976 870 1117 940 certum,

292 968 537 1050 certantesque
552 984 665 1043 ausus,
683 964 836 1047 dignetur
850 983 946 1028 nemo
960 965 1119 1047 priorem,

291 1069 441 1133 Erubeat
454 1068 519 1132 sibi
534 1067 676 1150 quisque
691 1084 823 1148 parem:
845 1083 959 1147 qnare,
970 1064 1098 1147 inclyta
1111 1065 1231 1150 pubes,

291 1168 406 1233 'fende
419 1187 480 1251 per
493 1168 656 1232 imbellem
671 1166 791 1249 gladiis
806 1167 971 1231 ultoribus
985 1167 1130 1243 hostem,
1342 1170 1385 1235 80

291 1269 421 1345 Tende,
437 1287 513 1350 age,
524 1269 601 1349 juro
618 1269 724 1345 Deos,
736 1267 867 1332 facilem
882 1267 954 1331 sina
969 1265 1083 1330 Marte
1096 1266 1307 1350 triumphum,

292 1369 518 1451 ignavumque
533 1388 668 1451 queror:
682 1371 761 1452 quid
776 1371 882 1433 uirtus
897 1370 977 1446 alta,
991 1367 1071 1451 quid
1087 1386 1180 1431 arma

293 1467 447 1532 Bellicat
492 1469 601 1549 Terga
615 1468 743 1532 dabunt
756 1487 882 1545 omnes,
896 1475 929 1533 et
944 1476 1080 1552 pectora
1096 1468 1221 1532 nullos.

293 1568 523 1651 Perjurumne,
537 1569 612 1644 viri,
627 1586 749 1652 poenas
764 1569 907 1634 solvisse
921 1574 1092 1653 tyrannam

293 1668 468 1734 Sufficiatt
491 1668 614 1733 cecidit
628 1688 694 1735 non
707 1671 890 1736 exorabilis
904 1671 1024 1746 hostis,

241 1826 249 1835 .
292 1768 439 1835 Infestus
453 1778 604 1851 superest
618 1770 764 1855 hospes:
787 1772 964 1837 violentior
979 1771 1046 1848 ille,

293 1870 364 1936 Hic
379 1870 494 1954 pejor:
505 1870 645 1953 gladios
659 1871 760 1954 igitar
773 1892 835 1937 nec
852 1873 919 1936 tela
932 1871 1095 1936 recondat

293 1970 430 2050 Debita,
446 1980 599 2036 terrarum
615 1974 773 2056 quisquis
789 1975 1001 2051 commercia,
1019 1975 1173 2058 quisquis

295 2072 466 2155 Integrare
480 2079 582 2151 toros,
598 2081 778 2156 castasque
794 2075 929 2156 impone
945 2093 1077 2139 sorores

293 2171 437 2257 Jnngere
453 2194 590 2239 secums
607 2180 714 2239 cnrat.
758 2173 850 2252 Quid
865 2174 986 2257 plorat
1009 2176 1163 2240 voluntas
1228 2222 1233 2231 .
1343 2173 1386 2237 td

296 2272 416 2338 Omnis
430 2276 464 2338 in
473 2276 633 2340 effecum
648 2295 772 2341 causas
786 2275 899 2340 habet.
944 2276 998 2341 lte
1012 2277 1172 2353 volentes,

294 2371 361 2448 lte,
376 2371 489 2452 ducos,
504 2394 601 2439 arces
620 2377 729 2452 nullae,
745 2374 838 2440 nulla
852 2396 945 2441 arma
959 2381 1140 2442 morentur:

295 2472 341 2536 Et
355 2478 442 2555 quos
457 2480 505 2538 ter
515 2476 618 2561 quina
631 2474 726 2560 fregit
737 2476 928 2561 Tirynthius
943 2477 1033 2554 alno,

295 2570 472 2636 innumera
484 2573 612 2639 calcate
624 2595 735 2641 manu.
779 2576 837 2644 Sic
851 2576 951 2654 intur,
967 2584 1001 2642 et
1015 2583 1119 2642 ortnm

753 2703 930 2725 Ouxenton

326 2771 359 2818 89
377 2771 505 2835 Cauoque
515 2773 706 2837 inrprneroporer
718 2738 772 2822 m
783 2786 864 2836 merg.
892 2770 958 2820 l‘ide
968 2780 1024 2821 not.

326 2965 358 3010 tt
375 2964 492 3027 Δεοειιίι,
502 2965 570 3029 sicit,
582 2966 667 3030 rediit]
684 2966 726 3017 nt
737 2966 819 3016 inrite-
859 2978 1009 3031 quemqnam
1016 2965 1069 3027 jam
1081 2961 1148 3011 ferre
1165 2965 1251 3024 potest
1263 2960 1385 3013 ceastre

295 3035 391 3087 tionem
411 3040 539 3088 Cereris:
556 3042 651 3103 ‘Venh
671 3041 734 3097 vidi,
751 3041 819 3102 rici‚’
858 3041 980 3104 priorem,
991 3039 1163 3104 Pompeiusve
1174 3035 1282 3102 parem?

295 3110 818 3177 quodputoformatomaddns'tomrete·
887 3117 920 3163 dli
937 3115 1067 3177 Certaque
1089 3115 1182 3178 inpune
1207 3111 1311 3173 sorores]
1344 3111 1387 3163 nt

294 3188 329 3236 ris
349 3188 416 3238 illim
436 3189 469 3239 rb
487 3188 627 3241 Aristotele
648 3190 752 3253 allegati
772 3201 817 3237 ιιι.
859 3190 986 3252 Cortoaprrr
1001 3191 1097 3254 impone
1112 3203 1220 3254 reparer:
1245 3195 1385 3252 ntroorqne

294 3264 373 3315 libet.
396 3268 436 3315 12.
455 3262 539 3330 ἦλθον,
560 3266 692 3325 Mnaso,
709 3263 817 3324 ἐδεόμην.
857 3265 973 3327 probum.

294 3338 364 3389 Dio:
381 3339 438 3402 :pbr
447 3340 552 3402 trinepos
569 3340 635 3400 intr,
649 3340 688 3390 art
704 3336 765 3389 etto
778 3340 820 3388 ab·
889 3343 922 3389 ao
943 3341 1059 3391 Veliam
1070 3340 1155 3389 Omnia
1166 3340 1191 3388 ia
1207 3337 1315 3402 effratei
1331 3353 1388 3387 roa·

294 3412 346 3473 τὸν,
355 3413 397 3462 rel
407 3412 509 3474 ἐνίκησε.
525 3416 614 3465 Florus
626 3415 658 3464 de
670 3415 761 3464 erdem
775 3429 818 3464 re:
856 3430 897 3465 aar
907 3415 987 3480 tebet]
1001 3415 1134 3465 Pamisum
1146 3413 1208 3465 illoti
1220 3413 1316 3474 innuit,
1327 3428 1386 3475 pro·

294 3488 303 3515 ‘
315 3488 390 3537 hiare
401 3488 523 3552 fulminis,
534 3489 602 3556 qnod
612 3503 663 3539 nno
674 3489 819 3555 eodemque
856 3494 961 3544 missurn
973 3493 1068 3543 erdere
1078 3492 1104 3542 ln
1116 3491 1242 3552 debitam,
1257 3489 1307 3550 ἅμα
1322 3489 1388 3549 tm,

293 3566 821 3631 momento‚renit‚percurrit,rbrcrarit.’
859 3568 909 3630 dna
929 3567 1007 3633 inpar,
1035 3566 1155 3623 antima
1173 3565 1227 3616 retr
1249 3567 1337 3627 λόγωι
1356 3565 1386 3614 rb

294 3637 424 3688 Ausonius
431 3641 507 3691 simili
515 3640 647 3703 mss:
656 3645 664 3671 ⁴
673 3641 823 3706 Profestos,
860 3642 975 3708 tmennt
986 3643 1182 3705 chrysostomos
1194 3641 1318 3704 loquitor,
1330 3639 1385 3689 llo·

228 3726 231 3731 ’
293 3714 389 3779 vietor,
409 3716 521 3781 vinctor,
540 3719 596 3782 regi
616 3718 738 3770 deditur)
777 3719 820 3769 lta
859 3723 912 3771 mit.
929 3724 971 3772 m.
992 3721 1017 3769 ln
1039 3720 1194 3769 hiartharum
1206 3733 1232 3779 p.
1243 3720 1301 3766 3⁰2.
1328 3716 1383 3766 Dio

293 3789 501 3842 Mrecsboeornm
511 3807 540 3842 rr.
559 3798 599 3845 lt.
609 3794 635 3844 in
646 3794 707 3852 tine,
721 3803 748 3845 et
760 3808 819 3859 cup.
861 3796 1005 3845 Cocceios:
1021 3795 1141 3855 μιμῖσθιι
1153 3794 1187 3857 τᾷ
1201 3791 1262 3854 tm
1278 3790 1335 3841 robe
1343 3790 1387 3841 λό-

293 3881 348 3933 seq.
379 3866 513 3932 istriam,
537 3868 693 3931 ὠπόθησιν,
720 3870 819 3920 tehen«
857 3872 1122 3931 pumannum-tlt.
1154 3866 1385 3918 ltaffimhioerad

292 3941 355 3998 sna.
860 3945 1081 3995 Demosthenem:
1098 3941 1154 4007 tto
1169 3945 1217 3993 τῦν
1233 3943 1317 4007 ἔργον,
1336 3942 1385 3992 Μ·

324 4023 358 4069 18
375 4018 699 4084 »mammeam-u,
716 4020 818 4070 limitent
858 4019 997 4082 δοιεοιὴμῖν
1007 4019 1062 4084 d,·n
1073 4018 1161 4082 λέγω.
1178 4021 1301 4071 Neriene.
1310 4020 1385 4071 Orat.

293 4090 339 4138 urat
357 4094 455 4156 quisqu
474 4091 567 4157 pren]
598 4096 638 4143 Ex
666 4098 710 4145 illo
733 4097 818 4147 Ftori:
857 4101 898 4147 td.
915 4100 1008 4161 phet.
1029 4097 1100 4160 tneo
1120 4096 1234 4159 trimatae
1255 4095 1384 4146 batim

291 4161 300 4188 ⁸
312 4175 361 4211 nee
371 4165 411 4215 blo
429 4167 533 4217 ferebat
549 4181 647 4232 parem,
659 4185 708 4221 nec
725 4172 767 4222 ille
779 4186 819 4220 ru·
859 4170 925 4220 Vide
937 4171 1013 4221 etiam
1025 4172 1153 4224 Isidorum
1165 4172 1290 4225 Pelusiot
1301 4186 1320 4220 r.
1333 4170 1384 4233 Ep.

292 4236 421 4300 perierem
434 4240 450 4301 ς’
475 4241 545 4305 qaod
573 4243 709 4294 Lucanos:
736 4246 819 4296 ·‘Nec
860 4251 918 4299 ut.
929 4255 957 4298 et
969 4259 1011 4298 ιιι.
1023 4251 1078 4297 158.
