3196 4976
300 434 367 502 22⁸2
653 444 813 493 niceros
837 444 1042 495 cannensis

301 600 439 657 tremum
460 605 599 670 corpora
620 605 682 650 sua
704 587 845 670 quisque
869 595 1033 666 curantes,
1054 589 1131 652 vino
1153 594 1255 673 atque
1279 588 1387 672 epulis

301 689 509 775 permultam
522 693 663 765 noctem,
681 687 817 770 Ajacem
834 690 1023 772 simulqne⁴
1042 688 1206 754 Achillem
1231 689 1387 754 laudibus

301 789 476 867 celebrant,
500 793 601 872 alque
624 787 666 852 ad
691 788 814 853 eoelum
837 789 954 855 serunt.
999 790 1047 854 At
1068 789 1158 875 apud
1177 789 1315 873 Trojam
1330 790 1387 854 ubi

299 891 430 971 requies
444 890 588 955 funerum
604 895 665 968 est,
679 908 744 952 non
757 888 827 971 jam
842 888 939 954 dolor
953 892 986 954 in
1002 910 1082 955 casu
1100 890 1306 967 Memnonis,‘
1326 892 1384 955 scd

299 998 419 1069 metus,
434 997 467 1055 et
489 1011 625 1056 summae
648 1010 766 1067 rernm,
787 990 974 1073 desperatio
993 979 1189 1055 incesserat:
1210 1010 1285 1054 cum
1308 992 1384 1055 hinc

300 1089 498 1173 Sarpedonis
523 1092 685 1168 interitus,
715 1089 791 1153 inde
817 1090 966 1159 insecuta
990 1091 1094 1173 paulo
1121 1100 1198 1172 post
1225 1092 1384 1155 Hectoris

300 1191 411 1255 clades
426 1211 503 1274 spes
524 1192 667 1275 reliquas
688 1189 806 1254 animis
820 1190 1017 1254 abstulisset
1027 1199 1057 1254 :⁵
1082 1210 1188 1273 neque
1202 1192 1289 1272 quod
1305 1212 1385 1274 pos-

299 1300 440 1357 tremum
469 1293 503 1355 iu
532 1291 710 1356 Memnone
746 1289 877 1354 suntuna
907 1292 1083 1369 obtulerat,
1119 1292 1279 1372 reliquum
1311 1292 1383 1374 jam

298 1391 480 1456 existeret.⁶
514 1391 570 1456 Ita
592 1392 832 1475 confluentibus
849 1392 884 1454 in
909 1411 1010 1455 unum
1025 1399 1076 1456 tot
1094 1392 1256 1467 adversis,
1272 1410 1383 1455 curam

299 1511 429 1557 ornnem
442 1490 640 1573 exsurgendi
649 1499 663 1526 ¹¹
678 1490 886 1555 omiserant.⁷
930 1489 991 1574 [9.]
1013 1492 1062 1554 At
1081 1494 1298 1574 postponens
1312 1489 1384 1553 dics

299 1593 422 1668 Graeci,
437 1593 588 1656 instructi
607 1590 719 1667 armis,
733 1609 923 1672 processere
935 1591 969 1654 iu
982 1609 1152 1673 campum,
1167 1591 1383 1669 lacessentes,

298 1694 327 1757 si
350 1693 532 1768 auderent,v
553 1692 595 1756 ad
618 1690 807 1755 bellandum
822 1690 1002 1773 Trojanos.
1045 1691 1135 1770 Qum
1149 1693 1218 1756 dux
1234 1692 1384 1756 Alexan-

297 1793 353 1858 der
368 1813 443 1857 cnm
457 1792 594 1875 reliquis
606 1791 761 1856 fratribus
777 1790 916 1855 militem
931 1792 1071 1870 ordinat,
1094 1798 1191 1876 atque
1207 1793 1382 1855 adversum

296 1896 414 1977 pergit.
457 1893 523 1958 Sed
551 1894 743 1975 priusquam
765 1889 859 1954 ferire
874 1890 958 1955 inter
972 1911 1009 1956 se
1024 1893 1126 1968 acies,
1149 1903 1207 1957 aut
1221 1893 1291 1975 jaci
1315 1892 1384 1955 tela

298 2014 444 2076 coepere,
456 1993 588 2058 barbari
608 1990 748 2057 solutis⁸
768 1990 969 2056 ordinibus*
990 1992 1101 2075 sugam
1117 1994 1261 2058 faciunt:
1284 1992 1382 2057 caesi-

296 2116 362 2181 que
374 2115 487 2161 eornm
499 2095 644 2178 plurimi,
657 2102 715 2157 ant
726 2093 760 2156 in
772 2091 893 2156 flumen
906 2095 1115 2176 praecipites⁹
1127 2094 1208 2170 dati,
1219 2113 1293 2159 curn
1305 2094 1382 2157 hinc

296 2206 398 2285 atque
412 2197 489 2261 iude
505 2198 663 2279 ingrueret
676 2194 791 2270 hostis,
813 2201 915 2277 atque
931 2195 1076 2277 nudique
1091 2195 1225 2260 ademta
1239 2194 1318 2276 suga
1332 2214 1382 2258 es·
1479 2208 1483 2217 ’

294 2290 357 2361 set.
402 2295 501 2378 Capti
517 2298 619 2360 etiam
634 2295 791 2378 Lyea0n⁸
808 2302 840 2358 et
854 2294 1014 2357 'l'roilnsl
1029 2294 1218 2369 Priamidae,
1233 2314 1331 2376 quos,
1346 2295 1380 2358 in

293 2395 440 2457 medinm
469 2394 663 2474 productus,
693 2390 840 2455 Achilles
863 2392 1009 2474 jugulari
1034 2393 1154 2474 jubete
1185 2393 1381 2472 indignatus,

293 2492 438 2556 nendum
464 2491 530 2553 sibi
551 2510 572 2553 a
594 2489 731 2552 Priamo
751 2505 854 2568 snper
874 2487 927 2549 his
951 2507 1028 2569 qune
1050 2506 1163 2551 seeum
1186 2496 1380 2552 tractaverat

293 2588 498 2655 mandatum.
543 2586 629 2668 Quen
641 2587 697 2649 ubi
714 2584 972 2649 animadvertere
986 2585 1132 2668 Trojani,
1147 2587 1266 2651 tollunt
1275 2590 1378 2669 gemi-

286 2883 430 2944 ferreoeoru
440 2880 576 2929 minoe-⁴
593 2878 856 2942 nemorosumque,
874 2884 901 2927 et
920 2891 979 2926 mox
999 2877 1127 2927 omittitur
1145 2882 1169 2926 et
1187 2884 1246 2939 poet
1263 2883 1378 2927 mea—

291 2946 411 3010 sueton.
421 2944 627 2995 mnndum-d
640 2942 734 3006 Delph.
743 2948 814 3004 utque
824 2942 856 2990 ud
866 2957 890 3002 ρ.
902 2941 927 2990 ia
939 2942 978 2989 M.
989 2942 1085 3003 quens.
1095 2956 1118 2990 o.
1129 2941 1310 3003 reliquiumjuru
1318 2943 1378 2991 uitii

291 3010 458 3062 existeret-l
484 3008 575 3073 Delon.
602 3006 788 3075 marim-s
810 3005 907 3069 Delph·
925 3004 1096 3055 dealem-9
1122 3005 1216 3068 Delplr.
1236 3019 1377 3069 praespa-

785 3164 891 3215 NOTAE

323 3288 332 3318 ¹
348 3286 423 3335 Dolor
432 3285 459 3333 ia
468 3298 524 3334 euru
534 3281 676 3344 Memnonio]
696 3280 758 3341 Pro,
770 3277 815 3327 do·
854 3277 912 3327 AEn.
925 3291 945 3327 r.
956 3281 1014 3327 478.
1024 3279 1033 3306 ⁴
1043 3277 1124 3326 Parte
1136 3277 1184 3325 alla
1195 3275 1295 3340 lugiens
1303 3277 1377 3327 amis-

290 3361 332 3408 lur
352 3375 367 3408 e
390 3373 450 3408 casu
472 3358 627 3407 Memnonis.
660 3355 745 3405 Nolim
766 3354 814 3402 lroc
852 3352 886 3400 rlr
897 3352 1000 3400 'Prolluo
1009 3352 1093 3414 irruis,
1106 3351 1201 3402 infelix
1214 3368 1287 3415 puer,
1299 3363 1377 3418 atque

291 3431 396 3479 imltarl.
852 3424 936 3486 impar
953 3438 1106 3487 congressui
1123 3425 1226 3487 Achilli,
1243 3427 1334 3477 Fertur
1350 3443 1377 3475 e·

324 3511 335 3536 ¹
353 3503 517 3564 Ecmrgeadi]
532 3504 595 3553 Sere
606 3500 729 3565 erigendi.
852 3496 919 3559 qula,
928 3510 1056 3563 curruque
1064 3499 1146 3549 heret
1155 3500 1289 3563 resupinus
1300 3503 1377 3561 inani,

322 3586 334 3611 '
351 3576 707 3639 SiondereutJ'l'ranspusitlo,
718 3573 813 3622 Nostro
854 3571 920 3620 nora
941 3580 1030 3623 tenens
1043 3583 1144 3623 tumen:
1161 3574 1220 3625 lrntc
1237 3577 1375 3641 cervixque

290 3660 318 3703 et
329 3653 386 3701 alili
396 3653 472 3701 etlam
487 3649 628 3699 familiarii.
660 3646 744 3696 serler
756 3654 812 3697 ert:
852 3659 985 3713 corumque
1004 3649 1139 3697 trahuntur
1151 3648 1203 3698 Per
1224 3658 1329 3713 terram,
1348 3663 1375 3702 et

291 3730 299 3757 ⁸
311 3729 477 3777 Lucerreuter
484 3723 608 3787 Trojano·
615 3721 646 3770 ad
659 3720 813 3785 bellandum,
853 3735 927 3771 verra
939 3722 1021 3785 pulvis
1031 3720 1178 3771 inscribitur
1188 3724 1279 3775 hauto!
1302 3726 1374 3779 Idem

277 3790 490 3852 ‘nicodemum‘
851 3804 880 3847 et
896 3796 964 3847 lutra
988 3798 1070 3846 Durer
1091 3798 1226 3863 Phrygius.
1265 3802 1374 3855 Tectum

330 3884 346 3909 '¹
363 3874 453 3925 Soletis
471 3871 614 3940 [omnin]
631 3873 763 3937 ordinibus]
780 3875 812 3925 A·
852 3872 942 3923 ncrlblt
958 3872 1071 3921 Troilum
1083 3871 1223 3935 scalentem
1235 3876 1261 3925 iu
1274 3878 1373 3942 Apolli·

290 3953 438 4003 maumam
448 3953 481 4001 ter
490 3963 572 4013 magr,
589 3949 697 4001 Gallice.
851 3945 1040 4010 nirlhymbrrei
1053 3949 1175 4013 templum
1188 3965 1216 4000 re
1226 3954 1375 4019 conjecisse,

322 4036 334 4061 ¹
351 4023 456 4091 ιφωωι]
479 4024 561 4075 Quem
581 4023 709 4074 Homerus
727 4024 759 4074 ab
778 4024 810 4073 Α·
851 4021 918 4072 unde
937 4035 993 4072 cnm
1012 4037 1069 4073 euru
1090 4023 1202 4076 Aelriller
1224 4027 1374 4080 abstrudere

289 4099 787 4165 chilleinpngnaoceimmdlclt,ll.0.
851 4111 901 4147 non
921 4104 1016 4161 periet,
1029 4099 1372 4163 juxtaaramenmoucidlt,
1483 4160 1487 4167 1
1553 4126 1559 4133 ·

321 4184 332 4219 r
349 4173 452 4237 miluc]
469 4173 546 4225 Hunc
557 4182 642 4224 tamen
653 4183 810 4239 pugnantem
851 4172 955 4222 undeet
968 4172 1081 4224 Achilles
1093 4182 1184 4238 postea
1196 4176 1265 4226 ldern
1277 4177 1309 4227 rb
1320 4178 1369 4226 alio

289 4250 324 4301 ab
332 4247 599 4303 Achilleintert‘oetum
607 4249 810 4313 describitvirg.
846 4250 923 4314 juxta
934 4249 1040 4303 eandem
1051 4265 1122 4303 aram
1133 4265 1227 4314 parrer.
