3010 4978
311 317 337 380 2
620 325 851 376 nnoronrans
875 325 964 375 nun.
986 326 1109 375 suros.

358 491 393 535 v.
416 472 568 554 Denique
583 440 625 533 ne
640 468 737 552 cujus
748 468 822 533 haec
838 474 906 531 tam
921 468 1026 532 nitida
1041 473 1149 549 egeret
1162 468 1282 546 editio,
1295 467 1400 534 Num·

313 592 401 649 mos,
428 570 601 646 Gemmas,
626 588 667 633 ac
699 568 880 645 Marmora,
908 589 928 632 e
958 569 1125 633 variorum
1154 572 1402 635 commentariis

313 674 433 757 petita,
464 670 625 754 singulari
661 669 815 735 artificio·
848 669 983 747 coelata,
1015 691 1081 735 non
1119 670 1192 735 sine
1221 672 1400 750 sumtibus,
1490 662 1491 671 ’

313 775 379 837 huc
410 771 648 848 transtulimus,
682 771 984 852 commentatioque
1013 770 1086 854 (cui
1122 790 1243 835 nomen
1290 774 1402 837 Scena

313 871 452 954 Troica)
464 891 529 936 non
550 871 703 954 spinoso,
723 889 790 935 non
813 872 968 946 obscuro,
982 889 1049 935 non
1071 872 1222 954 ancipiti,
1237 873 1402 956 explana-

313 993 436 1040 vimus.

356 1074 572 1139 Subnectitur
600 1092 733 1157 quoque
761 1073 880 1137 ceteris
903 1072 1163 1138 Praelationibns
1188 1074 1229 1139 de
1255 1075 1399 1160 Dictyos

314 1176 425 1241 Graeci
457 1174 578 1239 Latino
601 1174 779 1256 interprete
806 1171 971 1256 Septimio
995 1173 1197 1238 Dissertatio
1222 1175 1400 1257 Perizonii,

315 1278 370 1341 cui
385 1277 430 1340 ob
449 1274 647 1357 singularem
663 1272 697 1336 in
710 1273 811 1337 literis
826 1273 988 1337 fervorem
1013 1293 1055 1338 ac
1070 1275 1277 1356 diligentiam
1289 1280 1401 1342 nobis·

314 1396 401 1454 cum,
418 1373 552 1439 candidi
566 1373 736 1451 Lectores,
751 1374 870 1438 merito
881 1375 993 1456 justas
1008 1376 1107 1457 agitis
1120 1378 1255 1459 gratias.

356 1477 467 1561 Atque
487 1477 559 1541 haec
579 1485 659 1541 sunt
672 1495 749 1560 qum
771 1477 892 1545 advos
915 1476 1068 1541 modeste
1089 1478 1261 1561 praefanda
1287 1500 1400 1564 operae

313 1580 454 1662 pretium
466 1576 637 1641 duximus.
679 1575 756 1641 Vos
778 1577 911 1643 interim
933 1579 1047 1642 labore
1069 1587 1180 1643 nostro
1204 1580 1399 1664 (ludibrium

314 1680 361 1743 sit
381 1679 461 1742 licet
482 1676 634 1762 invidie)
656 1678 814 1755 fruimini,
842 1685 1048 1762 conatusque
1073 1696 1165 1744 meos
1184 1682 1219 1743 in
1249 1683 1399 1766 Scripto-

313 1779 404 1843 ribus
420 1779 547 1845 Latinis
565 1777 790 1844 illuminandis
804 1783 916 1844 vestro
935 1781 1106 1844 favoreet
1130 1782 1298 1863 applausu
1320 1803 1399 1866 pro-

313 1887 455 1945 movete.
509 1936 512 1941 .
