3052 4972
409 469 460 520 ns
481 469 665 522 nisenam
690 469 800 522 nanee
825 450 1000 524 unciaru.
1201 463 1244 530 51

145 673 147 676 -
192 641 341 720 xmxrv.
361 623 462 704 Quid
471 624 576 707 ergoi
599 621 774 689 Familiam
794 621 881 690 hanc
902 624 954 690 sic
978 591 1044 708 eyn
1066 625 1245 694 ordinave-

149 729 226 808 rim,
239 728 300 794 sed
310 725 580 810 exconjectura,
598 729 638 789 ut
655 731 739 808 puto
751 729 872 804 umen,
887 726 1074 810 probabili·
1110 725 1245 794 Primus

9 871 11 880 ·
149 825 187 896 in
200 849 245 895 en
257 829 310 894 vir
323 827 469 894 illustria
480 825 542 892 suit
553 825 598 905 Q.
618 825 765 890 Aradios
781 823 939 905 Rufinus,
953 824 1143 892 Praefectus
1157 829 1243 907 urbi,

146 936 255 1000 'Anno
273 946 382 995 nruvr.
406 937 442 995 et
463 943 590 993 nexu.
614 929 674 1011 qni
698 928 789 996 male
808 928 849 992 in.
866 926 985 994 libello·
1002 927 1241 996 Breiectorum

148 1031 263 1110 urbis,
277 1029 378 1096 modo
397 1027 545 1094 Eraclins
556 1025 713 1108 Rufinus,
721 1027 821 1094 modo
836 1028 1016 1094 Heraclius
1027 1027 1108 1102 Rus.
1119 1036 1153 1095 et
1164 1032 1241 1099 idac

148 1134 197 1197 ah
224 1129 369 1196 Ouufric
397 1129 497 1194 etiam
526 1128 635 1214 pejus,
663 1128 845 1195 Heraclius
874 1129 1020 1195 Rufinus
1044 1133 1243 1200 nominatur.

148 1231 240 1297 Vide
253 1231 406 1297 duratum
421 1229 466 1297 cd
482 1229 678 1296 Auctarium
693 1230 885 1314 Symmachi
896 1231 963 1316 Ep.
978 1247 1004 1298 ι.
1048 1232 1143 1298 Idem
1157 1233 1244 1301 Con·

142 1332 202 1398 sul
216 1332 350 1398 ridetur
363 1331 469 1398 fuisse
484 1330 574 1396 Anni
589 1339 955 1398 unxv111.nonautcn
967 1331 1078 1413 illeQ.
1092 1334 1151 1402 Aa.
1162 1335 1242 1402 Rus.

145 1433 230 1499 Val.
245 1431 427 1512 Proculus,
440 1439 481 1498 ut
495 1431 568 1498 vult
581 1430 755 1511 Onuirius,
775 1438 809 1498 et
822 1433 893 1498 alii.
936 1433 1026 1500 Nam
1041 1433 1244 1502 Consulista

146 1539 196 1600 ab
217 1535 379 1614 Eusebio,
400 1532 622 1613 cassiodoro,
634 1537 695 1599 &c-
717 1553 787 1598 nnn
810 1533 986 1614 Proculus,
1008 1535 1069 1602 sed
1098 1534 1243 1604 Rufinus

152 1635 349 1719 simpliciter
363 1635 497 1702 dicitur.
538 1634 699 1717 Denique
713 1633 770 1699 hic
779 1640 839 1700 'cst
855 1635 912 1700 ille
926 1635 1074 1702 Aradins
1090 1637 1243 1718 Rufinus,

150 1756 253 1820 quem
268 1737 318 1803 his
332 1736 521 1803 nominihus
534 1736 685 1802 celebrat
700 1734 920 1820 Symmachus
934 1735 1036 1803 Pater
1059 1739 1094 1802 in
1117 1735 1243 1804 Aucta·

148 1824 204 1902 rin
220 1837 283 1923 Ep.
297 1856 322 1905 r.
336 1837 468 1904 addens
481 1837 526 1903 ed
536 1843 736 1914 erminum,

281 1939 513 2024 Principibus,
527 1957 668 2022 quornm
682 1937 818 2020 viguisti
832 1943 993 2024 tempore,
1004 1938 1127 2006 doctus

285 2039 358 2103 Aut
371 2039 517 2104 calearia
527 2040 610 2104 sarra
623 2038 731 2115 honis,
747 2046 809 2104 aut
822 2038 929 2105 fraena
943 2042 1107 2124 tyrannis.

160 2141 323 2220 intelligit
335 2145 449 2203 autem
461 2158 577 2203 omnes
593 2139 671 2204 illos
685 2139 862 2222 Principes
875 2147 911 2204 et
925 2139 1091 2217 Caesares,
1102 2139 1161 2222 qui
1175 2141 1245 2206 sue·

161 2249 246 2305 runt
256 2241 337 2304 inter
351 2238 596 2303 Diocletianum
608 2243 642 2304 et
655 2237 902 2304 Constantinum
919 2237 1091 2320 Magnum,
1105 2257 1244 2322 qnorum

158 2341 306 2406 omnium
329 2347 473 2425 tempore
495 2340 599 2422 viguit
623 2359 738 2406 revera
761 2340 817 2405 hic
839 2339 950 2419 homo,
976 2345 1034 2404 ‘ex
1056 2341 1170 2406 ruina’
1191 2342 1244 2407 id·

153 2445 249 2510 circo
271 2442 452 2527 ‘proximae
472 2441 608 2520 emus:
627 2455 728 2526 quam
741 2449 868 2527 patrem
882 2461 977 2508 sunm
997 2443 1072 2507 istis
1091 2443 1243 2509 carmini·

153 2547 220 2610 bus
245 2543 473 2610 ‘illuminare'
497 2543 648 2608 ciiiilius
670 2544 902 2627 Symmachus,
917 2545 961 2610 ab
982 2543 1042 2610 illo
1057 2552 1161 2628 patre,
1183 2547 1242 2630 qui

153 2647 263 2711 floruit
281 2647 344 2711 suh
365 2644 561 2711 Constnnm
586 2651 619 2710 at
640 2644 664 2710 J
667 2645 791 2724 uliano,
806 2645 1011 2731 repetendus.
1055 2645 1148 2711 Huic
1170 2645 1242 2710 Ru·

154 2746 221 2812 iino
246 2739 402 2832 proxima
414 2745 660 2813 necessitudine
670 2746 809 2830 Junctus
821 2747 927 2813 inisse
940 2747 1071 2814 videtur
1085 2745 1242 2812 Valerius

154 2847 333 2926 Proculus,
353 2847 410 2912 ille
433 2849 523 2931 ipse,
545 2865 645 2931 quem
669 2847 702 2914 ei
717 2849 828 2932 jungit
840 2848 1067 2934 ‚Symmachus
1087 2856 1195 2931 pater,
1209 2854 1243 2913 et

153 2949 330 3034 praemittit
347 2946 470 3015 Anicio
488 2949 627 3016 Juliaun
650 2967 693 3014 uc
714 2948 871 3015 Petronio
891 2948 1075 3026 Probiano,
1089 2947 1242 3014 Consuli-

153 3052 218 3116 hua
231 3047 324 3114 Anni
341 3063 510 3114 uuxxrv.
525 3069 610 3134 quos
625 3049 781 3133 sequitur
794 3050 896 3116 isthic
912 3065 997 3113 uuus
1010 3045 1169 3123 Verinus,
1185 3049 1243 3129 qul

152 3150 343 3216 haeseotns
357 3151 451 3222 urbis
464 3148 527 3217 fuit
547 3147 710 3236 proximis
724 3151 823 3216 anuis
836 3163 992 3214 unxxv.
1017 3152 1054 3211 et
1074 3159 1242 3210 unxxvr.

152 3252 241 3318 Cum
253 3271 333 3335 erpo
344 3250 500 3317 rideatur
518 3251 556 3316 in
575 3251 650 3316 istis
664 3252 809 3335 quinique
821 3250 1008 3317 hominibus
1022 3246 1109 3314 ratio
1133 3246 1243 3312 aetatis

155 3361 300 3431 mata,
313 3351 394 3417 inde
404 3352 540 3435 colligo,
553 3350 660 3417 inissa
674 3371 754 3434 ergo
767 3351 855 3418 hunc
868 3351 1042 3417 Valerium
1051 3348 1241 3425 mulum,

157 3473 254 3538 quem
282 3472 305 3519 a
331 3454 456 3538 priscis
476 3451 622 3518 Valeriis
652 3452 836 3519 Publicolis
865 3454 986 3538 repetit
1010 3452 1240 3538 Symmachus,

159 3558 255 3619 aetate
265 3557 454 3640 proximum
469 3553 596 3620 Asudio
611 3552 748 3631 Rufino,
771 3553 910 3638 reliquis
922 3571 1003 3619 roro
1025 3553 1241 3636 superiorem,

156 3661 260 3738 atqua
274 3655 358 3720 meo
370 3655 541 3722 diversum
555 3673 686 3739 quoque
700 3655 744 3717 ab
758 3654 826 3720 illis
837 3653 974 3720 Aradiis
984 3652 1063 3718 Vel.
1073 3653 1241 3731 Proculis,

47 3749 53 3758 '
153 3757 217 3840 qui
238 3754 336 3837 paulo
349 3763 428 3839 post
438 3756 631 3834 extiterunt,
646 3761 680 3822 et
702 3775 787 3839 qnos
805 3755 907 3822 ferme
921 3753 1115 3822 crediderim
1134 3755 1241 3818 fuisse

155 3856 238 3940 ejus
248 3853 322 3940 jam
335 3861 410 3922 tuuc
424 3863 523 3924 atate
531 3849 682 3941 provecti
696 3874 801 3939 supra
815 3854 914 3921 Anic.
926 3855 1095 3922 lulianum
1107 3861 1140 3919 et
1149 3855 1242 3919 Pete.

9 4011 10 4014 ,
152 3957 364 4022 Probiaunm
379 3955 540 4024 cnmmes
552 3957 666 4043 (senes
680 3963 788 4022 autem
803 3957 862 4022 illo
875 3963 1025 4041 tempore
1046 3955 1240 4038 plerumque

144 4059 226 4143 jam
240 4063 334 4123 amnt
353 4057 474 4142 privati
486 4060 650 4138 homiues,
662 4058 724 4141 qui
745 4057 787 4124 ud
802 4058 1037 4135 Consulatum,
1051 4075 1239 4140 supremum

150 4161 256 4226 etlam
267 4165 343 4225 tunc
368 4159 526 4226 honorum
539 4160 721 4243 fastigium,
742 4165 777 4224 et
796 4161 874 4224 ideo
888 4162 923 4224 in
934 4157 1052 4224 'ritulo
1066 4157 1105 4220 L
1120 4151 1240 4217 Aradii

9 4281 11 4356 j
150 4260 232 4329 Vol·
268 4260 408 4332 Proculi
438 4263 560 4330 ultimo
581 4262 660 4328 loco
687 4267 920 4335 memoratum,
956 4255 1240 4339 producebantur,
