<?xml version="1.0" encoding="UTF-8"?>
<!DOCTYPE html PUBLIC "-//W3C//DTD XHTML 1.0 Transitional//EN"
    "http://www.w3.org/TR/xhtml1/DTD/xhtml1-transitional.dtd">
<html xmlns="http://www.w3.org/1999/xhtml" xml:lang="en" lang="en">
 <head>
  <title>
</title>
<meta http-equiv="Content-Type" content="text/html;charset=utf-8" />
  <meta name='ocr-system' content='tesseract 3.04.00' />
  <meta name='ocr-capabilities' content='ocr_page ocr_carea ocr_par ocr_line ocrx_word'/>
</head>
<body>
  <div class='ocr_page' id='page_1' title='image "./debellotrojano01josegoog/debellotrojano01josegoog_0510.png"; bbox 0 0 3176 4976; ppageno 0'>
   <div class='ocr_carea' id='block_1_1' title="bbox 495 391 1309 456">
    <p class='ocr_par' dir='ltr' id='par_1_1' title="bbox 495 391 1309 456">
     <span class='ocr_line' id='line_1_1' title="bbox 495 391 1309 456; baseline 0.007 -8"><span class='ocrx_word' id='word_1_1' title='bbox 495 400 543 448; x_wconf 83' lang='lat' dir='ltr'><strong>nn</strong></span> <span class='ocrx_word' id='word_1_2' title='bbox 567 398 686 446; x_wconf 79' lang='lat' dir='ltr'><strong>nauto</strong></span> <span class='ocrx_word' id='word_1_3' title='bbox 709 396 881 445; x_wconf 72' lang='lat' dir='ltr'><strong>anciano</strong></span> <span class='ocrx_word' id='word_1_4' title='bbox 907 399 980 451; x_wconf 85' lang='lat' dir='ltr'><strong>urs.</strong></span> <span class='ocrx_word' id='word_1_5' title='bbox 1004 401 1054 449; x_wconf 79' lang='grc' dir='ltr'><strong>ιν.</strong></span> <span class='ocrx_word' id='word_1_6' title='bbox 1245 391 1309 456; x_wconf 75' lang='lat' dir='ltr'><strong>itt</strong></span> 
     </span>
    </p>
   </div>
   <div class='ocr_carea' id='block_1_2' title="bbox 183 540 1310 2845">
    <p class='ocr_par' dir='ltr' id='par_1_2' title="bbox 183 540 1310 2845">
     <span class='ocr_line' id='line_1_2' title="bbox 266 540 1034 620; baseline -0.004 -12"><span class='ocrx_word' id='word_1_7' title='bbox 266 544 313 609; x_wconf 87' lang='lat' dir='ltr'><strong>At</strong></span> <span class='ocrx_word' id='word_1_8' title='bbox 326 541 490 607; x_wconf 69' lang='lat' dir='ltr'><strong>Teuthras</strong></span> <span class='ocrx_word' id='word_1_9' title='bbox 503 542 561 607; x_wconf 88' lang='lat' dir='ltr'><strong>uhi</strong></span> <span class='ocrx_word' id='word_1_10' title='bbox 574 541 659 605; x_wconf 83' lang='lat' dir='ltr'><strong>dura</strong></span> <span class='ocrx_word' id='word_1_11' title='bbox 669 541 769 620; x_wconf 76' lang='lat' dir='ltr'><strong>egris</strong></span> <span class='ocrx_word' id='word_1_12' title='bbox 783 540 926 605; x_wconf 76' lang='lat' dir='ltr'><strong>insidere</strong></span> <span class='ocrx_word' id='word_1_13' title='bbox 942 541 1034 606; x_wconf 85' lang='lat' dir='ltr'><strong>fibris</strong></span> 
     </span>
     <span class='ocr_line' id='line_1_3' title="bbox 225 641 1310 721; baseline 0.003 -13"><span class='ocrx_word' id='word_1_14' title='bbox 225 644 351 721; x_wconf 85' lang='lat' dir='ltr'><strong>Altius,</strong></span> <span class='ocrx_word' id='word_1_15' title='bbox 365 651 399 707; x_wconf 90' lang='lat' dir='ltr'><strong>et</strong></span> <span class='ocrx_word' id='word_1_16' title='bbox 413 652 534 708; x_wconf 85' lang='lat' dir='ltr'><strong>certam</strong></span> <span class='ocrx_word' id='word_1_17' title='bbox 550 642 736 705; x_wconf 78' lang='lat' dir='ltr'><strong>minitantia</strong></span> <span class='ocrx_word' id='word_1_18' title='bbox 748 641 885 706; x_wconf 83' lang='lat' dir='ltr'><strong>vulnera</strong></span> <span class='ocrx_word' id='word_1_19' title='bbox 898 651 1038 707; x_wconf 90' lang='lat' dir='ltr'><strong>mortem</strong></span> <span class='ocrx_word' id='word_1_20' title='bbox 1130 650 1139 664; x_wconf 73' lang='lat'><strong>⁶</strong></span> <span class='ocrx_word' id='word_1_21' title='bbox 1245 647 1310 711; x_wconf 86' lang='grc'><strong>430</strong></span> 
     </span>
     <span class='ocr_line' id='line_1_4' title="bbox 223 741 1132 826; baseline 0 -17"><span class='ocrx_word' id='word_1_22' title='bbox 223 746 341 810; x_wconf 80' lang='lat' dir='ltr'><strong>Sentit.</strong></span> <span class='ocrx_word' id='word_1_23' title='bbox 387 744 488 808; x_wconf 82' lang='lat' dir='ltr'><strong>Hebe</strong></span> <span class='ocrx_word' id='word_1_24' title='bbox 501 742 645 820; x_wconf 86' lang='lat' dir='ltr'><strong>Moesos,</strong></span> <span class='ocrx_word' id='word_1_25' title='bbox 657 741 775 825; x_wconf 90' lang='lat' dir='ltr'><strong>inquit,</strong></span> <span class='ocrx_word' id='word_1_26' title='bbox 790 750 835 819; x_wconf 88' lang='lat' dir='ltr'><strong>te,</strong></span> <span class='ocrx_word' id='word_1_27' title='bbox 850 741 1010 826; x_wconf 83' lang='lat' dir='ltr'>Telephe,</span> <span class='ocrx_word' id='word_1_28' title='bbox 1022 750 1132 809; x_wconf 87' lang='lat' dir='ltr'><strong>noster</strong></span> 
     </span>
     <span class='ocr_line' id='line_1_5' title="bbox 224 843 1212 926; baseline 0.003 -17"><span class='ocrx_word' id='word_1_29' title='bbox 224 846 342 910; x_wconf 88' lang='lat' dir='ltr'><strong>Poscit</strong></span> <span class='ocrx_word' id='word_1_30' title='bbox 356 845 471 921; x_wconf 88' lang='lat' dir='ltr'><strong>honos,</strong></span> <span class='ocrx_word' id='word_1_31' title='bbox 487 843 564 926; x_wconf 87' lang='lat' dir='ltr'><strong>quis</strong></span> <span class='ocrx_word' id='word_1_32' title='bbox 578 843 665 906; x_wconf 89' lang='lat' dir='ltr'><strong>enim</strong></span> <span class='ocrx_word' id='word_1_33' title='bbox 681 843 829 926; x_wconf 86' lang='lat' dir='ltr'><strong>propior,</strong></span> <span class='ocrx_word' id='word_1_34' title='bbox 845 844 923 926; x_wconf 87' lang='lat' dir='ltr'><strong>quis</strong></span> <span class='ocrx_word' id='word_1_35' title='bbox 937 845 1067 925; x_wconf 85' lang='lat' dir='ltr'><strong>dignior</strong></span> <span class='ocrx_word' id='word_1_36' title='bbox 1081 846 1212 912; x_wconf 78' lang='lat' dir='ltr'><strong>haeresi</strong></span> 
     </span>
     <span class='ocr_line' id='line_1_6' title="bbox 223 943 1049 1028; baseline -0.001 -18"><span class='ocrx_word' id='word_1_37' title='bbox 223 946 282 1010; x_wconf 91' lang='lat' dir='ltr'><strong>Me</strong></span> <span class='ocrx_word' id='word_1_38' title='bbox 295 952 372 1009; x_wconf 84' lang='lat' dir='ltr'><strong>inus</strong></span> <span class='ocrx_word' id='word_1_39' title='bbox 385 944 537 1020; x_wconf 87' lang='lat' dir='ltr'><strong>Alcides,</strong></span> <span class='ocrx_word' id='word_1_40' title='bbox 547 943 731 1008; x_wconf 86' lang='lat' dir='ltr'><strong>Thracensi</strong></span> <span class='ocrx_word' id='word_1_41' title='bbox 746 953 883 1027; x_wconf 81' lang='lat' dir='ltr'><strong>urgente</strong></span> <span class='ocrx_word' id='word_1_42' title='bbox 895 951 1049 1028; x_wconf 79' lang='lat' dir='ltr'><strong>tyranno,</strong></span> 
     </span>
     <span class='ocr_line' id='line_1_7' title="bbox 223 1046 1035 1129; baseline 0 -19"><span class='ocrx_word' id='word_1_43' title='bbox 223 1047 388 1110; x_wconf 87' lang='lat' dir='ltr'><strong>Edomitis</strong></span> <span class='ocrx_word' id='word_1_44' title='bbox 402 1046 547 1110; x_wconf 87' lang='lat' dir='ltr'><strong>absolvit</strong></span> <span class='ocrx_word' id='word_1_45' title='bbox 559 1046 667 1129; x_wconf 91' lang='lat' dir='ltr'><strong>equis,</strong></span> <span class='ocrx_word' id='word_1_46' title='bbox 682 1048 873 1129; x_wconf 76' lang='lat' dir='ltr'><strong>sceptrique</strong></span> <span class='ocrx_word' id='word_1_47' title='bbox 888 1047 1035 1128; x_wconf 87' lang='lat' dir='ltr'><strong>quietem</strong></span> 
     </span>
     <span class='ocr_line' id='line_1_8' title="bbox 223 1146 1310 1229; baseline 0.005 -19"><span class='ocrx_word' id='word_1_48' title='bbox 223 1148 355 1223; x_wconf 78' lang='lat' dir='ltr'><strong>Sensit,</strong></span> <span class='ocrx_word' id='word_1_49' title='bbox 370 1155 405 1211; x_wconf 86' lang='lat' dir='ltr'><strong>et</strong></span> <span class='ocrx_word' id='word_1_50' title='bbox 419 1155 563 1211; x_wconf 85' lang='lat' dir='ltr'><strong>armatos</strong></span> <span class='ocrx_word' id='word_1_51' title='bbox 576 1147 610 1210; x_wconf 92' lang='lat' dir='ltr'><strong>in</strong></span> <span class='ocrx_word' id='word_1_52' title='bbox 625 1165 741 1229; x_wconf 84' lang='lat' dir='ltr'><strong>pacem</strong></span> <span class='ocrx_word' id='word_1_53' title='bbox 756 1146 898 1211; x_wconf 87' lang='lat' dir='ltr'><strong>reddidit</strong></span> <span class='ocrx_word' id='word_1_54' title='bbox 913 1165 1030 1212; x_wconf 85' lang='lat' dir='ltr'><strong>anuos.</strong></span> <span class='ocrx_word' id='word_1_55' title='bbox 1244 1150 1310 1215; x_wconf 77' lang='grc'><strong>485</strong></span> 
     </span>
     <span class='ocr_line' id='line_1_9' title="bbox 222 1236 1194 1330; baseline 0.003 -19"><span class='ocrx_word' id='word_1_56' title='bbox 222 1247 291 1311; x_wconf 89' lang='lat' dir='ltr'><strong>His</strong></span> <span class='ocrx_word' id='word_1_57' title='bbox 305 1249 429 1312; x_wconf 87' lang='lat' dir='ltr'><strong>meritis</strong></span> <span class='ocrx_word' id='word_1_58' title='bbox 444 1248 504 1311; x_wconf 91' lang='lat' dir='ltr'><strong>tihi</strong></span> <span class='ocrx_word' id='word_1_59' title='bbox 518 1266 617 1330; x_wconf 81' lang='lat' dir='ltr'><strong>regna</strong></span> <span class='ocrx_word' id='word_1_60' title='bbox 630 1248 761 1324; x_wconf 87' lang='lat' dir='ltr'><strong>demus,</strong></span> <span class='ocrx_word' id='word_1_61' title='bbox 776 1266 856 1330; x_wconf 76' lang='lat' dir='ltr'><strong>ques</strong></span> <span class='ocrx_word' id='word_1_62' title='bbox 871 1246 996 1330; x_wconf 87' lang='lat' dir='ltr'><strong>perlida</strong></span> <span class='ocrx_word' id='word_1_63' title='bbox 1012 1248 1075 1314; x_wconf 85' lang='lat' dir='ltr'><strong>fati</strong></span> <span class='ocrx_word' id='word_1_64' title='bbox 1190 1236 1194 1241; x_wconf 68' lang='grc'><strong>’</strong></span> 
     </span>
     <span class='ocr_line' id='line_1_10' title="bbox 223 1347 984 1432; baseline 0.004 -21"><span class='ocrx_word' id='word_1_65' title='bbox 223 1347 279 1412; x_wconf 89' lang='lat' dir='ltr'><strong>lra</strong></span> <span class='ocrx_word' id='word_1_66' title='bbox 291 1356 389 1430; x_wconf 84' lang='lat' dir='ltr'><strong>negat</strong></span> <span class='ocrx_word' id='word_1_67' title='bbox 404 1347 553 1432; x_wconf 72' lang='lat' dir='ltr'><strong>praedata</strong></span> <span class='ocrx_word' id='word_1_68' title='bbox 567 1350 667 1413; x_wconf 86' lang='lat' dir='ltr'><strong>mihi:</strong></span> <span class='ocrx_word' id='word_1_69' title='bbox 690 1354 720 1413; x_wconf 91' lang='lat' dir='ltr'><strong>te</strong></span> <span class='ocrx_word' id='word_1_70' title='bbox 736 1348 845 1415; x_wconf 84' lang='lat' dir='ltr'><strong>lenius</strong></span> <span class='ocrx_word' id='word_1_71' title='bbox 860 1356 984 1414; x_wconf 85' lang='lat' dir='ltr'><strong>astrum</strong></span> 
     </span>
     <span class='ocr_line' id='line_1_11' title="bbox 222 1448 1010 1532; baseline 0.006 -21"><span class='ocrx_word' id='word_1_72' title='bbox 222 1448 263 1511; x_wconf 93' lang='lat' dir='ltr'><strong>In</strong></span> <span class='ocrx_word' id='word_1_73' title='bbox 277 1450 404 1513; x_wconf 89' lang='lat' dir='ltr'><strong>senium</strong></span> <span class='ocrx_word' id='word_1_74' title='bbox 416 1468 576 1532; x_wconf 88' lang='lat' dir='ltr'><strong>serosque</strong></span> <span class='ocrx_word' id='word_1_75' title='bbox 587 1450 660 1514; x_wconf 91' lang='lat' dir='ltr'><strong>dies</strong></span> <span class='ocrx_word' id='word_1_76' title='bbox 674 1457 709 1514; x_wconf 90' lang='lat' dir='ltr'><strong>et</strong></span> <span class='ocrx_word' id='word_1_77' title='bbox 722 1469 849 1515; x_wconf 83' lang='lat' dir='ltr'><strong>summe</strong></span> <span class='ocrx_word' id='word_1_78' title='bbox 863 1459 1010 1517; x_wconf 80' lang='lat' dir='ltr'><strong>reservet</strong></span> 
     </span>
     <span class='ocr_line' id='line_1_12' title="bbox 220 1549 1166 1637; baseline 0.006 -24"><span class='ocrx_word' id='word_1_79' title='bbox 220 1549 397 1633; x_wconf 86' lang='lat' dir='ltr'><strong>Tempora,</strong></span> <span class='ocrx_word' id='word_1_80' title='bbox 415 1569 515 1633; x_wconf 81' lang='lat' dir='ltr'><strong>reguo</strong></span> <span class='ocrx_word' id='word_1_81' title='bbox 530 1551 687 1619; x_wconf 79' lang='lat' dir='ltr'><strong>hilarem:</strong></span> <span class='ocrx_word' id='word_1_82' title='bbox 712 1553 772 1617; x_wconf 84' lang='lat' dir='ltr'><strong>vix</strong></span> <span class='ocrx_word' id='word_1_83' title='bbox 787 1552 871 1632; x_wconf 82' lang='lat' dir='ltr'><strong>haec,</strong></span> <span class='ocrx_word' id='word_1_84' title='bbox 885 1560 920 1617; x_wconf 89' lang='lat' dir='ltr'><strong>et</strong></span> <span class='ocrx_word' id='word_1_85' title='bbox 934 1553 1053 1637; x_wconf 79' lang='lat' dir='ltr'><strong>frigida</strong></span> <span class='ocrx_word' id='word_1_86' title='bbox 1067 1554 1166 1619; x_wconf 83' lang='lat' dir='ltr'><strong>fessis</strong></span> 
     </span>
     <span class='ocr_line' id='line_1_13' title="bbox 183 1646 1310 1736; baseline 0.007 -23"><span class='ocrx_word' id='word_1_87' title='bbox 183 1646 367 1734; x_wconf 46' lang='lat' dir='ltr'><strong>,Atropos</strong></span> <span class='ocrx_word' id='word_1_88' title='bbox 382 1653 794 1736; x_wconf 86' lang='lat' dir='ltr'><strong>laserpitlebris,tnrheta</strong></span> <span class='ocrx_word' id='word_1_89' title='bbox 806 1655 978 1736; x_wconf 78' lang='lat' dir='ltr'><strong>rigescunt</strong></span> <span class='ocrx_word' id='word_1_90' title='bbox 1245 1657 1310 1721; x_wconf 85' lang='grc'><strong>440</strong></span> 
     </span>
     <span class='ocr_line' id='line_1_14' title="bbox 220 1751 1056 1835; baseline 0.002 -21"><span class='ocrx_word' id='word_1_91' title='bbox 220 1751 371 1827; x_wconf 85' lang='lat' dir='ltr'><strong>Lumina,</strong></span> <span class='ocrx_word' id='word_1_92' title='bbox 386 1753 510 1817; x_wconf 88' lang='lat' dir='ltr'><strong>hebent</strong></span> <span class='ocrx_word' id='word_1_93' title='bbox 523 1773 654 1830; x_wconf 89' lang='lat' dir='ltr'><strong>sensus,</strong></span> <span class='ocrx_word' id='word_1_94' title='bbox 668 1757 814 1835; x_wconf 78' lang='lat' dir='ltr'><strong>rivoque</strong></span> <span class='ocrx_word' id='word_1_95' title='bbox 829 1763 932 1816; x_wconf 83' lang='lat' dir='ltr'><strong>exuta</strong></span> <span class='ocrx_word' id='word_1_96' title='bbox 945 1754 1056 1816; x_wconf 87' lang='lat' dir='ltr'><strong>calore</strong></span> 
     </span>
     <span class='ocr_line' id='line_1_15' title="bbox 221 1851 1105 1934; baseline 0 -18"><span class='ocrx_word' id='word_1_97' title='bbox 221 1852 374 1917; x_wconf 86' lang='lat' dir='ltr'><strong>Membra</strong></span> <span class='ocrx_word' id='word_1_98' title='bbox 388 1856 463 1934; x_wconf 83' lang='lat' dir='ltr'><strong>gelu</strong></span> <span class='ocrx_word' id='word_1_99' title='bbox 475 1853 596 1916; x_wconf 84' lang='lat' dir='ltr'><strong>lethale</strong></span> <span class='ocrx_word' id='word_1_100' title='bbox 611 1855 721 1918; x_wconf 72' lang='lat' dir='ltr'><strong>subite</strong></span> <span class='ocrx_word' id='word_1_101' title='bbox 744 1872 839 1916; x_wconf 90' lang='lat' dir='ltr'><strong>mens</strong></span> <span class='ocrx_word' id='word_1_102' title='bbox 853 1851 958 1917; x_wconf 87' lang='lat' dir='ltr'><strong>libera</strong></span> <span class='ocrx_word' id='word_1_103' title='bbox 972 1853 1105 1917; x_wconf 90' lang='lat' dir='ltr'><strong>tandem</strong></span> 
     </span>
     <span class='ocr_line' id='line_1_16' title="bbox 219 1950 992 2034; baseline -0.001 -18"><span class='ocrx_word' id='word_1_104' title='bbox 219 1953 354 2027; x_wconf 82' lang='lat' dir='ltr'><strong>Euolet,</strong></span> <span class='ocrx_word' id='word_1_105' title='bbox 369 1961 402 2016; x_wconf 89' lang='lat' dir='ltr'><strong>et</strong></span> <span class='ocrx_word' id='word_1_106' title='bbox 414 1952 527 2016; x_wconf 91' lang='lat' dir='ltr'><strong>socios</strong></span> <span class='ocrx_word' id='word_1_107' title='bbox 539 1953 625 2015; x_wconf 89' lang='lat' dir='ltr'><strong>redit</strong></span> <span class='ocrx_word' id='word_1_108' title='bbox 635 1952 830 2034; x_wconf 87' lang='lat' dir='ltr'><strong>inspectura</strong></span> <span class='ocrx_word' id='word_1_109' title='bbox 840 1950 992 2015; x_wconf 87' lang='lat' dir='ltr'><strong>Triones.</strong></span> 
     </span>
     <span class='ocr_line' id='line_1_17' title="bbox 261 2040 1094 2133; baseline 0 -18"><span class='ocrx_word' id='word_1_110' title='bbox 261 2040 445 2133; x_wconf 77' lang='lat' dir='ltr'><strong>Telephus,</strong></span> <span class='ocrx_word' id='word_1_111' title='bbox 460 2060 497 2115; x_wconf 92' lang='lat' dir='ltr'><strong>ut</strong></span> <span class='ocrx_word' id='word_1_112' title='bbox 512 2069 638 2116; x_wconf 85' lang='lat' dir='ltr'><strong>vacuos</strong></span> <span class='ocrx_word' id='word_1_113' title='bbox 650 2052 790 2133; x_wconf 85' lang='lat' dir='ltr'><strong>spiranti</strong></span> <span class='ocrx_word' id='word_1_114' title='bbox 807 2051 968 2131; x_wconf 76' lang='lat' dir='ltr'><strong>sangnine</strong></span> <span class='ocrx_word' id='word_1_115' title='bbox 981 2051 1094 2116; x_wconf 88' lang='lat' dir='ltr'><strong>vultus</strong></span> 
     </span>
     <span class='ocr_line' id='line_1_18' title="bbox 221 2147 1310 2230; baseline 0.006 -18"><span class='ocrx_word' id='word_1_116' title='bbox 221 2147 405 2230; x_wconf 86' lang='lat' dir='ltr'><strong>Conspicit,</strong></span> <span class='ocrx_word' id='word_1_117' title='bbox 420 2150 526 2215; x_wconf 82' lang='lat' dir='ltr'><strong>effuso</strong></span> <span class='ocrx_word' id='word_1_118' title='bbox 542 2151 730 2215; x_wconf 83' lang='lat' dir='ltr'><strong>miserenda</strong></span> <span class='ocrx_word' id='word_1_119' title='bbox 743 2151 777 2214; x_wconf 94' lang='lat' dir='ltr'><strong>in</strong></span> <span class='ocrx_word' id='word_1_120' title='bbox 793 2152 931 2216; x_wconf 81' lang='lat' dir='ltr'><strong>vulnera</strong></span> <span class='ocrx_word' id='word_1_121' title='bbox 942 2151 1030 2230; x_wconf 88' lang='lat' dir='ltr'><strong>fletu,</strong></span> <span class='ocrx_word' id='word_1_122' title='bbox 1244 2156 1310 2218; x_wconf 88' lang='grc'><strong>445</strong></span> 
     </span>
     <span class='ocr_line' id='line_1_19' title="bbox 223 2249 1104 2337; baseline 0.009 -26"><span class='ocrx_word' id='word_1_123' title='bbox 223 2249 338 2313; x_wconf 85' lang='lat' dir='ltr'><strong>Funus</strong></span> <span class='ocrx_word' id='word_1_124' title='bbox 352 2250 454 2316; x_wconf 85' lang='lat' dir='ltr'><strong>herile</strong></span> <span class='ocrx_word' id='word_1_125' title='bbox 471 2253 588 2317; x_wconf 79' lang='lat' dir='ltr'><strong>struit:</strong></span> <span class='ocrx_word' id='word_1_126' title='bbox 613 2253 775 2337; x_wconf 88' lang='lat' dir='ltr'><strong>quicquid</strong></span> <span class='ocrx_word' id='word_1_127' title='bbox 785 2255 838 2318; x_wconf 84' lang='lat' dir='ltr'><strong>rei</strong></span> <span class='ocrx_word' id='word_1_128' title='bbox 853 2254 976 2319; x_wconf 90' lang='lat' dir='ltr'><strong>mulcet</strong></span> <span class='ocrx_word' id='word_1_129' title='bbox 991 2253 1104 2331; x_wconf 88' lang='lat' dir='ltr'><strong>odore,</strong></span> 
     </span>
     <span class='ocr_line' id='line_1_20' title="bbox 222 2347 988 2438; baseline 0.012 -28"><span class='ocrx_word' id='word_1_130' title='bbox 222 2347 289 2414; x_wconf 91' lang='lat' dir='ltr'><strong>Vel</strong></span> <span class='ocrx_word' id='word_1_131' title='bbox 302 2351 422 2416; x_wconf 78' lang='lat' dir='ltr'><strong>uirtute</strong></span> <span class='ocrx_word' id='word_1_132' title='bbox 433 2353 516 2437; x_wconf 83' lang='lat' dir='ltr'><strong>ligat</strong></span> <span class='ocrx_word' id='word_1_133' title='bbox 528 2372 661 2432; x_wconf 84' lang='lat' dir='ltr'><strong>nervos,</strong></span> <span class='ocrx_word' id='word_1_134' title='bbox 677 2362 836 2438; x_wconf 85' lang='lat' dir='ltr'><strong>artusque</strong></span> <span class='ocrx_word' id='word_1_135' title='bbox 849 2355 988 2419; x_wconf 87' lang='lat' dir='ltr'><strong>fluentes</strong></span> 
     </span>
     <span class='ocr_line' id='line_1_21' title="bbox 222 2449 1063 2539; baseline 0.006 -24"><span class='ocrx_word' id='word_1_136' title='bbox 222 2449 387 2529; x_wconf 84' lang='lat' dir='ltr'><strong>Continet,</strong></span> <span class='ocrx_word' id='word_1_137' title='bbox 399 2456 564 2537; x_wconf 76' lang='lat' dir='ltr'><strong>aggeritur</strong></span> <span class='ocrx_word' id='word_1_138' title='bbox 578 2456 701 2521; x_wconf 87' lang='lat' dir='ltr'><strong>busto:</strong></span> <span class='ocrx_word' id='word_1_139' title='bbox 723 2458 907 2539; x_wconf 82' lang='lat' dir='ltr'><strong>compescit</strong></span> <span class='ocrx_word' id='word_1_140' title='bbox 921 2456 1063 2522; x_wconf 78' lang='lat' dir='ltr'><strong>hiantem</strong></span> 
     </span>
     <span class='ocr_line' id='line_1_22' title="bbox 222 2554 1193 2636; baseline 0.007 -21"><span class='ocrx_word' id='word_1_141' title='bbox 222 2554 352 2617; x_wconf 83' lang='lat' dir='ltr'><strong>Dextra</strong></span> <span class='ocrx_word' id='word_1_142' title='bbox 366 2573 519 2636; x_wconf 90' lang='lat' dir='ltr'><strong>premens</strong></span> <span class='ocrx_word' id='word_1_143' title='bbox 534 2558 650 2635; x_wconf 89' lang='lat' dir='ltr'><strong>ictum,</strong></span> <span class='ocrx_word' id='word_1_144' title='bbox 661 2559 787 2623; x_wconf 85' lang='lat' dir='ltr'><strong>fluxum</strong></span> <span class='ocrx_word' id='word_1_145' title='bbox 803 2559 919 2624; x_wconf 88' lang='lat' dir='ltr'><strong>domet</strong></span> <span class='ocrx_word' id='word_1_146' title='bbox 934 2568 1028 2624; x_wconf 78' lang='lat' dir='ltr'><strong>arcta</strong></span> <span class='ocrx_word' id='word_1_147' title='bbox 1042 2577 1193 2623; x_wconf 87' lang='lat' dir='ltr'><strong>cruorem</strong></span> 
     </span>
     <span class='ocr_line' id='line_1_23' title="bbox 223 2651 1308 2742; baseline 0.006 -25"><span class='ocrx_word' id='word_1_148' title='bbox 223 2651 357 2727; x_wconf 74' lang='lat' dir='ltr'><strong>Fascia,</strong></span> <span class='ocrx_word' id='word_1_149' title='bbox 371 2661 406 2720; x_wconf 91' lang='lat' dir='ltr'><strong>et</strong></span> <span class='ocrx_word' id='word_1_150' title='bbox 419 2657 579 2735; x_wconf 80' lang='lat' dir='ltr'><strong>obtrusos</strong></span> <span class='ocrx_word' id='word_1_151' title='bbox 592 2659 714 2724; x_wconf 86' lang='lat' dir='ltr'><strong>l&#39;rnstrn</strong></span> <span class='ocrx_word' id='word_1_152' title='bbox 728 2665 828 2742; x_wconf 77' lang='lat' dir='ltr'><strong>negat</strong></span> <span class='ocrx_word' id='word_1_153' title='bbox 842 2661 889 2724; x_wconf 91' lang='lat' dir='ltr'><strong>ire</strong></span> <span class='ocrx_word' id='word_1_154' title='bbox 903 2666 1045 2725; x_wconf 80' lang='lat' dir='ltr'><strong>meatus·</strong></span> <span class='ocrx_word' id='word_1_155' title='bbox 1243 2659 1308 2724; x_wconf 81' lang='grc'><strong>450</strong></span> 
     </span>
     <span class='ocr_line' id='line_1_24' title="bbox 264 2753 1008 2845; baseline 0.008 -26"><span class='ocrx_word' id='word_1_156' title='bbox 264 2753 375 2838; x_wconf 79' lang='lat' dir='ltr'><strong>Regia</strong></span> <span class='ocrx_word' id='word_1_157' title='bbox 388 2761 581 2841; x_wconf 88' lang='lat' dir='ltr'><strong>conspicuis</strong></span> <span class='ocrx_word' id='word_1_158' title='bbox 595 2761 701 2827; x_wconf 88' lang='lat' dir='ltr'><strong>moles</strong></span> <span class='ocrx_word' id='word_1_159' title='bbox 711 2762 870 2845; x_wconf 85' lang='lat' dir='ltr'><strong>inscripta</strong></span> <span class='ocrx_word' id='word_1_160' title='bbox 880 2762 1008 2844; x_wconf 77' lang='lat' dir='ltr'><strong>figuris,</strong></span> 
     </span>
    </p>
   </div>
   <div class='ocr_carea' id='block_1_3' title="bbox 708 2975 815 3027">
    <p class='ocr_par' dir='ltr' id='par_1_3' title="bbox 708 2975 815 3027">
     <span class='ocr_line' id='line_1_25' title="bbox 708 2975 815 3027; baseline -0.019 0"><span class='ocrx_word' id='word_1_161' title='bbox 708 2975 815 3027; x_wconf 75' lang='lat' dir='ltr'>NOTAE</span> 
     </span>
    </p>
   </div>
   <div class='ocr_carea' id='block_1_4' title="bbox 217 3087 1311 4278">
    <p class='ocr_par' dir='ltr' id='par_1_4' title="bbox 252 3087 1308 3155">
     <span class='ocr_line' id='line_1_26' title="bbox 252 3087 1308 3155; baseline 0.002 -18"><span class='ocrx_word' id='word_1_162' title='bbox 252 3092 300 3139; x_wconf 79' lang='grc'><strong>444</strong></span> <span class='ocrx_word' id='word_1_163' title='bbox 317 3088 453 3152; x_wconf 66' lang='lat' dir='ltr'><strong>sceptrique</strong></span> <span class='ocrx_word' id='word_1_164' title='bbox 463 3093 562 3154; x_wconf 55' lang='lat' dir='ltr'><strong>mitem</strong></span> <span class='ocrx_word' id='word_1_165' title='bbox 574 3091 674 3155; x_wconf 63' lang='lat' dir='ltr'><strong>dumi]</strong></span> <span class='ocrx_word' id='word_1_166' title='bbox 690 3090 743 3141; x_wconf 84' lang='lat' dir='ltr'><strong>Pa·</strong></span> <span class='ocrx_word' id='word_1_167' title='bbox 783 3089 892 3139; x_wconf 86' lang='lat' dir='ltr'><strong>Gemina</strong></span> <span class='ocrx_word' id='word_1_168' title='bbox 914 3102 945 3136; x_wconf 79' lang='lat' dir='ltr'><strong>ex</strong></span> <span class='ocrx_word' id='word_1_169' title='bbox 963 3087 1075 3151; x_wconf 72' lang='lat' dir='ltr'><strong>&#39;l&#39;ragice</strong></span> <span class='ocrx_word' id='word_1_170' title='bbox 1094 3089 1160 3138; x_wconf 85' lang='lat' dir='ltr'><strong>citat</strong></span> <span class='ocrx_word' id='word_1_171' title='bbox 1180 3088 1256 3138; x_wconf 82' lang='lat' dir='ltr'><strong>Phile</strong></span> <span class='ocrx_word' id='word_1_172' title='bbox 1274 3088 1308 3139; x_wconf 88' lang='lat' dir='ltr'><strong>de</strong></span> 
     </span>
    </p>

    <p class='ocr_par' dir='ltr' id='par_1_5' title="bbox 217 3162 1311 4278">
     <span class='ocr_line' id='line_1_27' title="bbox 219 3162 1308 3226; baseline 0.003 -17"><span class='ocrx_word' id='word_1_173' title='bbox 219 3162 272 3223; x_wconf 85' lang='lat' dir='ltr'><strong>pin.</strong></span> <span class='ocrx_word' id='word_1_174' title='bbox 286 3163 332 3209; x_wconf 85' lang='lat' dir='ltr'><strong>‘et</strong></span> <span class='ocrx_word' id='word_1_175' title='bbox 343 3176 433 3223; x_wconf 81' lang='lat' dir='ltr'><strong>pacem</strong></span> <span class='ocrx_word' id='word_1_176' title='bbox 444 3162 551 3213; x_wconf 78' lang='lat' dir='ltr'><strong>fulmine</strong></span> <span class='ocrx_word' id='word_1_177' title='bbox 561 3164 665 3215; x_wconf 58' lang='lat' dir='ltr'><strong>sanxit?</strong></span> <span class='ocrx_word' id='word_1_178' title='bbox 783 3164 875 3215; x_wconf 79' lang='lat' dir='ltr'><strong>Maedi</strong></span> <span class='ocrx_word' id='word_1_179' title='bbox 885 3163 1027 3226; x_wconf 85' lang='lat' dir='ltr'><strong>incorrupt.</strong></span> <span class='ocrx_word' id='word_1_180' title='bbox 1036 3178 1061 3225; x_wconf 89' lang='lat' dir='ltr'><strong>p.</strong></span> <span class='ocrx_word' id='word_1_181' title='bbox 1072 3166 1130 3212; x_wconf 71' lang='grc'><strong>784.</strong></span> <span class='ocrx_word' id='word_1_182' title='bbox 1162 3163 1237 3211; x_wconf 80' lang='lat' dir='ltr'><strong>Ennii</strong></span> <span class='ocrx_word' id='word_1_183' title='bbox 1246 3164 1308 3226; x_wconf 74' lang='lat' dir='ltr'><strong>lipi-</strong></span> 
     </span>
     <span class='ocr_line' id='line_1_28' title="bbox 220 3235 1308 3302; baseline 0.002 -18"><span class='ocrx_word' id='word_1_184' title='bbox 220 3258 224 3265; x_wconf 87' lang='lat'><em>-</em></span> <span class='ocrx_word' id='word_1_185' title='bbox 251 3239 299 3285; x_wconf 71' lang='lat' dir='ltr'><strong>att</strong></span> <span class='ocrx_word' id='word_1_186' title='bbox 316 3235 397 3285; x_wconf 69' lang='lat' dir='ltr'><strong>&amp;rina</strong></span> <span class='ocrx_word' id='word_1_187' title='bbox 412 3237 475 3286; x_wconf 82' lang='lat' dir='ltr'><strong>redit</strong></span> <span class='ocrx_word' id='word_1_188' title='bbox 488 3238 744 3302; x_wconf 65' lang='lat' dir='ltr'><strong>hapectaralhicaea]</strong></span> <span class='ocrx_word' id='word_1_189' title='bbox 782 3240 984 3291; x_wconf 83' lang='lat' dir='ltr'><strong>eharmnsterra</strong></span> <span class='ocrx_word' id='word_1_190' title='bbox 995 3252 1089 3302; x_wconf 81' lang='lat' dir='ltr'><strong>corpas</strong></span> <span class='ocrx_word' id='word_1_191' title='bbox 1107 3243 1156 3298; x_wconf 83' lang='lat' dir='ltr'><strong>eat,</strong></span> <span class='ocrx_word' id='word_1_192' title='bbox 1172 3244 1200 3287; x_wconf 90' lang='lat' dir='ltr'><strong>at</strong></span> <span class='ocrx_word' id='word_1_193' title='bbox 1215 3239 1308 3288; x_wconf 78' lang='lat' dir='ltr'><strong>mentia</strong></span> 
     </span>
     <span class='ocr_line' id='line_1_29' title="bbox 219 3297 1308 3379; baseline 0.005 -21"><span class='ocrx_word' id='word_1_194' title='bbox 219 3310 313 3370; x_wconf 86' lang='lat' dir='ltr'><strong>Papia.</strong></span> <span class='ocrx_word' id='word_1_195' title='bbox 331 3322 362 3358; x_wconf 83' lang='lat' dir='ltr'><strong>rr.</strong></span> <span class='ocrx_word' id='word_1_196' title='bbox 387 3312 435 3360; x_wconf 84' lang='lat' dir='ltr'><strong>‘et</strong></span> <span class='ocrx_word' id='word_1_197' title='bbox 453 3313 556 3360; x_wconf 80' lang='lat' dir='ltr'><strong>suminis</strong></span> <span class='ocrx_word' id='word_1_198' title='bbox 575 3312 674 3375; x_wconf 76' lang='lat' dir='ltr'><strong>apicem</strong></span> <span class='ocrx_word' id='word_1_199' title='bbox 693 3314 744 3363; x_wconf 77' lang='lat' dir='ltr'><strong>nihl</strong></span> <span class='ocrx_word' id='word_1_200' title='bbox 782 3317 917 3379; x_wconf 73' lang='lat' dir='ltr'><strong>igniscat.</strong></span> <span class='ocrx_word' id='word_1_201' title='bbox 949 3297 1018 3363; x_wconf 85' lang='lat' dir='ltr'><strong>Vide</strong></span> <span class='ocrx_word' id='word_1_202' title='bbox 1032 3312 1090 3364; x_wconf 71' lang='lat' dir='ltr'><strong>son.</strong></span> <span class='ocrx_word' id='word_1_203' title='bbox 1104 3310 1230 3375; x_wconf 64' lang='lat' dir='ltr'><strong>Scaliger.</strong></span> <span class='ocrx_word' id='word_1_204' title='bbox 1241 3311 1308 3363; x_wconf 80' lang='lat' dir='ltr'><strong>Ouu-</strong></span> 
     </span>
     <span class='ocr_line' id='line_1_30' title="bbox 220 3382 1309 3455; baseline 0.003 -22"><span class='ocrx_word' id='word_1_205' title='bbox 220 3383 304 3447; x_wconf 82' lang='lat' dir='ltr'><strong>pescit</strong></span> <span class='ocrx_word' id='word_1_206' title='bbox 325 3384 351 3431; x_wconf 87' lang='lat' dir='ltr'><strong>in</strong></span> <span class='ocrx_word' id='word_1_207' title='bbox 375 3382 469 3440; x_wconf 72' lang='lat' dir='ltr'><strong>astrin&#39;</strong></span> <span class='ocrx_word' id='word_1_208' title='bbox 494 3392 521 3434; x_wconf 93' lang='lat' dir='ltr'><strong>et</strong></span> <span class='ocrx_word' id='word_1_209' title='bbox 546 3392 745 3451; x_wconf 73' lang='lat' dir='ltr'><strong>‘praereptaque</strong></span> <span class='ocrx_word' id='word_1_210' title='bbox 780 3390 846 3454; x_wconf 82' lang='lat' dir='ltr'><strong>jeci.</strong></span> <span class='ocrx_word' id='word_1_211' title='bbox 858 3388 1309 3455; x_wconf 66' lang='lat' dir='ltr'><strong>par.asurieneueroqoanre·</strong></span> 
     </span>
     <span class='ocr_line' id='line_1_31' title="bbox 220 3458 1310 3525; baseline 0.005 -18"><span class='ocrx_word' id='word_1_212' title='bbox 220 3459 305 3509; x_wconf 63' lang='lat' dir='ltr'><strong>noxit</strong></span> <span class='ocrx_word' id='word_1_213' title='bbox 316 3458 408 3510; x_wconf 79' lang='lat' dir='ltr'><strong>Sidera</strong></span> <span class='ocrx_word' id='word_1_214' title='bbox 426 3460 634 3525; x_wconf 70' lang='lat' dir='ltr'><strong>principiumque</strong></span> <span class='ocrx_word' id='word_1_215' title='bbox 652 3461 746 3511; x_wconf 64' lang='lat' dir='ltr'><strong>auum!</strong></span> <span class='ocrx_word' id='word_1_216' title='bbox 784 3466 888 3516; x_wconf 77' lang='lat' dir='ltr'><strong>rienes:</strong></span> <span class='ocrx_word' id='word_1_217' title='bbox 915 3465 1007 3515; x_wconf 80' lang='lat' dir='ltr'><strong>Festus</strong></span> <span class='ocrx_word' id='word_1_218' title='bbox 1029 3464 1055 3513; x_wconf 93' lang='lat' dir='ltr'><strong>iu</strong></span> <span class='ocrx_word' id='word_1_219' title='bbox 1079 3462 1310 3525; x_wconf 67' lang='lat' dir='ltr'><strong>‘Septentriones&#39;</strong></span> 
     </span>
     <span class='ocr_line' id='line_1_32' title="bbox 220 3534 1308 3603; baseline 0.002 -18"><span class='ocrx_word' id='word_1_220' title='bbox 220 3535 354 3586; x_wconf 77' lang='lat' dir='ltr'><strong>sicunde</strong></span> <span class='ocrx_word' id='word_1_221' title='bbox 362 3535 458 3585; x_wconf 86' lang='lat' dir='ltr'><strong>metalli</strong></span> <span class='ocrx_word' id='word_1_222' title='bbox 466 3534 746 3599; x_wconf 69' lang='lat' dir='ltr'><strong>lemorer‘lndignau·</strong></span> <span class='ocrx_word' id='word_1_223' title='bbox 785 3540 919 3590; x_wconf 76' lang='lat' dir='ltr'><strong>varneri.</strong></span> <span class='ocrx_word' id='word_1_224' title='bbox 931 3538 1169 3603; x_wconf 67' lang='lat' dir='ltr'><strong>estimatione</strong></span> <span class='ocrx_word' id='word_1_225' title='bbox 1191 3538 1308 3603; x_wconf 71' lang='lat' dir='ltr'><strong>Scaliger</strong></span> 
     </span>
     <span class='ocr_line' id='line_1_33' title="bbox 221 3609 1308 3678; baseline 0.003 -17"><span class='ocrx_word' id='word_1_226' title='bbox 221 3621 272 3661; x_wconf 86' lang='lat' dir='ltr'><strong>teau</strong></span> <span class='ocrx_word' id='word_1_227' title='bbox 295 3611 404 3660; x_wconf 81' lang='lat' dir='ltr'><strong>animare</strong></span> <span class='ocrx_word' id='word_1_228' title='bbox 419 3611 537 3674; x_wconf 80' lang='lat' dir='ltr'><strong>,propriis</strong></span> <span class='ocrx_word' id='word_1_229' title='bbox 558 3624 607 3660; x_wconf 90' lang='lat' dir='ltr'><strong>non</strong></span> <span class='ocrx_word' id='word_1_230' title='bbox 631 3609 745 3663; x_wconf 83' lang='lat' dir='ltr'><strong>reddidit</strong></span> <span class='ocrx_word' id='word_1_231' title='bbox 783 3613 811 3663; x_wconf 90' lang='lat' dir='ltr'><strong>in</strong></span> <span class='ocrx_word' id='word_1_232' title='bbox 822 3615 1037 3678; x_wconf 67' lang='lat' dir='ltr'><strong>temetipum.</strong></span> <span class='ocrx_word' id='word_1_233' title='bbox 1049 3615 1262 3674; x_wconf 79' lang='lat' dir='ltr'><strong>astriaderirat3</strong></span> <span class='ocrx_word' id='word_1_234' title='bbox 1279 3623 1308 3664; x_wconf 87' lang='lat' dir='ltr'><strong>et</strong></span> 
     </span>
     <span class='ocr_line' id='line_1_34' title="bbox 219 3686 1307 3755; baseline 0.004 -19"><span class='ocrx_word' id='word_1_235' title='bbox 219 3687 313 3737; x_wconf 74' lang='lat' dir='ltr'><strong>astrin’</strong></span> <span class='ocrx_word' id='word_1_236' title='bbox 349 3686 441 3749; x_wconf 85' lang='lat' dir='ltr'><strong>Stoici,</strong></span> <span class='ocrx_word' id='word_1_237' title='bbox 460 3686 618 3751; x_wconf 67' lang='lat' dir='ltr'><strong>Pythagorei</strong></span> <span class='ocrx_word' id='word_1_238' title='bbox 635 3686 743 3739; x_wconf 86' lang='lat' dir='ltr'><strong>animam</strong></span> <span class='ocrx_word' id='word_1_239' title='bbox 783 3702 810 3753; x_wconf 87' lang='lat' dir='ltr'><strong>p.</strong></span> <span class='ocrx_word' id='word_1_240' title='bbox 822 3692 862 3737; x_wconf 70' lang='grc'><strong>85.</strong></span> <span class='ocrx_word' id='word_1_241' title='bbox 880 3689 990 3739; x_wconf 81' lang='lat' dir='ltr'><strong>&#39;l&#39;rioues</strong></span> <span class='ocrx_word' id='word_1_242' title='bbox 1001 3690 1252 3755; x_wconf 71' lang='lat' dir='ltr'><strong>verohicmetoxp‘</strong></span> <span class='ocrx_word' id='word_1_243' title='bbox 1261 3704 1307 3754; x_wconf 83' lang='lat' dir='ltr'><strong>pro</strong></span> 
     </span>
     <span class='ocr_line' id='line_1_35' title="bbox 219 3762 1014 3814; baseline 0.001 -3"><span class='ocrx_word' id='word_1_244' title='bbox 219 3777 252 3812; x_wconf 81' lang='lat' dir='ltr'><strong>ex</strong></span> <span class='ocrx_word' id='word_1_245' title='bbox 279 3762 356 3813; x_wconf 81' lang='lat' dir='ltr'><strong>astris</strong></span> <span class='ocrx_word' id='word_1_246' title='bbox 382 3762 544 3814; x_wconf 75' lang='lat' dir='ltr'><strong>derivabant.</strong></span> <span class='ocrx_word' id='word_1_247' title='bbox 586 3763 688 3813; x_wconf 66' lang='lat' dir='ltr'><strong>meret.</strong></span> <span class='ocrx_word' id='word_1_248' title='bbox 712 3777 743 3814; x_wconf 86' lang='lat' dir='ltr'><strong>u.</strong></span> <span class='ocrx_word' id='word_1_249' title='bbox 783 3763 1014 3814; x_wconf 80' lang='lat' dir='ltr'><strong>astriaenmnntnr.</strong></span> 
     </span>
     <span class='ocr_line' id='line_1_36' title="bbox 219 3837 1308 3902; baseline 0.002 -17"><span class='ocrx_word' id='word_1_250' title='bbox 219 3838 304 3902; x_wconf 80' lang='lat' dir='ltr'><strong>‘qnod</strong></span> <span class='ocrx_word' id='word_1_251' title='bbox 313 3837 414 3889; x_wconf 76' lang='lat' dir='ltr'><strong>mianum</strong></span> <span class='ocrx_word' id='word_1_252' title='bbox 423 3852 455 3887; x_wconf 87' lang='lat' dir='ltr'><strong>ex</strong></span> <span class='ocrx_word' id='word_1_253' title='bbox 467 3838 638 3899; x_wconf 69' lang='lat' dir='ltr'><strong>etheriscrir,</strong></span> <span class='ocrx_word' id='word_1_254' title='bbox 648 3837 680 3886; x_wconf 86' lang='lat' dir='ltr'><strong>id</strong></span> <span class='ocrx_word' id='word_1_255' title='bbox 689 3851 742 3888; x_wconf 84' lang='lat' dir='ltr'><strong>rur·</strong></span> <span class='ocrx_word' id='word_1_256' title='bbox 814 3843 861 3889; x_wconf 80' lang='grc'><strong>451</strong></span> <span class='ocrx_word' id='word_1_257' title='bbox 880 3838 959 3900; x_wconf 68' lang='lat' dir='ltr'><strong>Regin</strong></span> <span class='ocrx_word' id='word_1_258' title='bbox 968 3837 1110 3901; x_wconf 61' lang='lat' dir='ltr'><strong>emetat]</strong></span> <span class='ocrx_word' id='word_1_259' title='bbox 1132 3839 1198 3890; x_wconf 77' lang='lat' dir='ltr'><strong>(iuer</strong></span> <span class='ocrx_word' id='word_1_260' title='bbox 1211 3837 1308 3887; x_wconf 79' lang='lat' dir='ltr'><strong>Noster</strong></span> 
     </span>
     <span class='ocr_line' id='line_1_37' title="bbox 219 3911 1306 3979; baseline 0.002 -18"><span class='ocrx_word' id='word_1_261' title='bbox 219 3927 274 3962; x_wconf 82' lang='lat' dir='ltr'><strong>euru</strong></span> <span class='ocrx_word' id='word_1_262' title='bbox 291 3913 350 3964; x_wconf 81' lang='lat' dir='ltr'><strong>coeli</strong></span> <span class='ocrx_word' id='word_1_263' title='bbox 362 3915 472 3964; x_wconf 82' lang='lat' dir='ltr'><strong>relatum</strong></span> <span class='ocrx_word' id='word_1_264' title='bbox 483 3915 580 3979; x_wconf 87' lang='lat' dir='ltr'><strong>templa</strong></span> <span class='ocrx_word' id='word_1_265' title='bbox 589 3913 743 3978; x_wconf 66' lang='lat' dir='ltr'><strong>receptant!</strong></span> <span class='ocrx_word' id='word_1_266' title='bbox 782 3912 816 3963; x_wconf 93' lang='lat' dir='ltr'><strong>de</strong></span> <span class='ocrx_word' id='word_1_267' title='bbox 826 3913 997 3972; x_wconf 81' lang='lat' dir='ltr'><strong>Teuthranie,</strong></span> <span class='ocrx_word' id='word_1_268' title='bbox 1014 3922 1114 3963; x_wconf 81' lang='lat' dir='ltr'><strong>veteres</strong></span> <span class='ocrx_word' id='word_1_269' title='bbox 1128 3926 1161 3961; x_wconf 84' lang='lat' dir='ltr'><strong>ex</strong></span> <span class='ocrx_word' id='word_1_270' title='bbox 1180 3918 1256 3976; x_wconf 88' lang='lat' dir='ltr'><strong>parte</strong></span> <span class='ocrx_word' id='word_1_271' title='bbox 1274 3911 1306 3963; x_wconf 83' lang='lat' dir='ltr'><strong>de</strong></span> 
     </span>
     <span class='ocr_line' id='line_1_38' title="bbox 219 3985 1307 4052; baseline -0.002 -16"><span class='ocrx_word' id='word_1_272' title='bbox 219 3987 386 4048; x_wconf 83' lang='lat' dir='ltr'><strong>Epicharmus</strong></span> <span class='ocrx_word' id='word_1_273' title='bbox 394 3988 461 4052; x_wconf 87' lang='lat' dir='ltr'><strong>apud</strong></span> <span class='ocrx_word' id='word_1_274' title='bbox 474 3988 638 4039; x_wconf 81' lang='lat' dir='ltr'><strong>Plutarchum</strong></span> <span class='ocrx_word' id='word_1_275' title='bbox 648 3992 673 4039; x_wconf 90' lang='lat' dir='ltr'><strong>in</strong></span> <span class='ocrx_word' id='word_1_276' title='bbox 682 4005 743 4040; x_wconf 89' lang='lat' dir='ltr'><strong>eon·</strong></span> <span class='ocrx_word' id='word_1_277' title='bbox 781 3990 895 4052; x_wconf 83' lang='lat' dir='ltr'><strong>Telephe</strong></span> <span class='ocrx_word' id='word_1_278' title='bbox 905 3988 1046 4051; x_wconf 73' lang='lat' dir='ltr'><strong>fingebant.</strong></span> <span class='ocrx_word' id='word_1_279' title='bbox 1068 3987 1210 4036; x_wconf 78' lang='lat' dir='ltr'><strong>Pausanias</strong></span> <span class='ocrx_word' id='word_1_280' title='bbox 1220 3987 1248 4035; x_wconf 89' lang='lat' dir='ltr'><strong>iu</strong></span> <span class='ocrx_word' id='word_1_281' title='bbox 1259 3985 1307 4035; x_wconf 78' lang='lat' dir='ltr'><strong>Ar·</strong></span> 
     </span>
     <span class='ocr_line' id='line_1_39' title="bbox 217 4062 1306 4128; baseline 0.002 -17"><span class='ocrx_word' id='word_1_282' title='bbox 217 4064 294 4112; x_wconf 87' lang='lat' dir='ltr'><strong>aetat.</strong></span> <span class='ocrx_word' id='word_1_283' title='bbox 305 4062 337 4111; x_wconf 91' lang='lat' dir='ltr'><strong>ad</strong></span> <span class='ocrx_word' id='word_1_284' title='bbox 351 4064 435 4126; x_wconf 81' lang='lat' dir='ltr'><strong>Apoll</strong></span> <span class='ocrx_word' id='word_1_285' title='bbox 450 4062 569 4127; x_wconf 72' lang='lat' dir='ltr'><strong>mapiie</strong></span> <span class='ocrx_word' id='word_1_286' title='bbox 584 4066 624 4116; x_wconf 74' lang='lat' dir='ltr'><strong>ael</strong></span> <span class='ocrx_word' id='word_1_287' title='bbox 638 4066 745 4128; x_wconf 66' lang='grc' dir='ltr'><strong>διεκρίθη.</strong></span> <span class='ocrx_word' id='word_1_288' title='bbox 782 4065 973 4127; x_wconf 58' lang='lat' dir='ltr'><strong>euticheten.</strong></span> <span class='ocrx_word' id='word_1_289' title='bbox 986 4077 1099 4127; x_wconf 73' lang='lat' dir='ltr'><strong>pugnam</strong></span> <span class='ocrx_word' id='word_1_290' title='bbox 1108 4063 1215 4113; x_wconf 80' lang='lat' dir='ltr'><strong>Achillia</strong></span> <span class='ocrx_word' id='word_1_291' title='bbox 1226 4063 1306 4114; x_wconf 73' lang='lat' dir='ltr'><strong>etl&#39;e·</strong></span> 
     </span>
     <span class='ocr_line' id='line_1_40' title="bbox 219 4136 1311 4204; baseline 0.005 -19"><span class='ocrx_word' id='word_1_292' title='bbox 219 4137 258 4185; x_wconf 78' lang='lat' dir='ltr'><strong>nal</strong></span> <span class='ocrx_word' id='word_1_293' title='bbox 268 4138 382 4198; x_wconf 63' lang='lat' dir='ltr'><strong>arieto,</strong></span> <span class='ocrx_word' id='word_1_294' title='bbox 392 4136 518 4198; x_wconf 60' lang='lat' dir='ltr'><strong>wuith,</strong></span> <span class='ocrx_word' id='word_1_295' title='bbox 527 4138 598 4188; x_wconf 75' lang='lat' dir='ltr'><strong>sino</strong></span> <span class='ocrx_word' id='word_1_296' title='bbox 611 4141 646 4202; x_wconf 72' lang='grc' dir='ltr'><strong>γᾶ</strong></span> <span class='ocrx_word' id='word_1_297' title='bbox 658 4138 703 4200; x_wconf 74' lang='lat' dir='ltr'><strong>pir</strong></span> <span class='ocrx_word' id='word_1_298' title='bbox 712 4140 744 4192; x_wconf 80' lang='lat' dir='ltr'><strong>sir</strong></span> <span class='ocrx_word' id='word_1_299' title='bbox 782 4139 851 4203; x_wconf 88' lang='lat' dir='ltr'><strong>lephi</strong></span> <span class='ocrx_word' id='word_1_300' title='bbox 863 4139 939 4189; x_wconf 81' lang='lat' dir='ltr'><strong>etiarn</strong></span> <span class='ocrx_word' id='word_1_301' title='bbox 950 4154 997 4189; x_wconf 85' lang='lat' dir='ltr'><strong>ena</strong></span> <span class='ocrx_word' id='word_1_302' title='bbox 1008 4146 1085 4190; x_wconf 69' lang='lat' dir='ltr'><strong>etate</strong></span> <span class='ocrx_word' id='word_1_303' title='bbox 1097 4140 1198 4204; x_wconf 85' lang='lat' dir='ltr'><strong>pictura</strong></span> <span class='ocrx_word' id='word_1_304' title='bbox 1209 4153 1311 4190; x_wconf 69' lang='lat' dir='ltr'><strong>memo·</strong></span> 
     </span>
     <span class='ocr_line' id='line_1_41' title="bbox 218 4212 1064 4278; baseline 0.007 -17"><span class='ocrx_word' id='word_1_305' title='bbox 218 4213 275 4276; x_wconf 76' lang='grc' dir='ltr'><strong>γΐν,</strong></span> <span class='ocrx_word' id='word_1_306' title='bbox 285 4214 375 4275; x_wconf 71' lang='lat' dir='ltr'><strong>mina</strong></span> <span class='ocrx_word' id='word_1_307' title='bbox 384 4212 409 4264; x_wconf 78' lang='lat' dir='ltr'><strong>dl</strong></span> <span class='ocrx_word' id='word_1_308' title='bbox 419 4212 475 4264; x_wconf 68' lang='lat' dir='ltr'><strong>ire·</strong></span> <span class='ocrx_word' id='word_1_309' title='bbox 490 4212 516 4264; x_wconf 83' lang='lat' dir='ltr'><strong>ri</strong></span> <span class='ocrx_word' id='word_1_310' title='bbox 525 4214 605 4265; x_wconf 69' lang='lat' dir='ltr'><strong>scindi</strong></span> <span class='ocrx_word' id='word_1_311' title='bbox 619 4215 743 4278; x_wconf 62' lang='grc' dir='ltr'><strong>χαλεπῶς</strong></span> <span class='ocrx_word' id='word_1_312' title='bbox 783 4215 890 4267; x_wconf 80' lang='lat' dir='ltr'><strong>rabilem</strong></span> <span class='ocrx_word' id='word_1_313' title='bbox 900 4213 980 4266; x_wconf 70' lang='lat' dir='ltr'><strong>tulate</strong></span> <span class='ocrx_word' id='word_1_314' title='bbox 991 4213 1064 4267; x_wconf 80' lang='lat' dir='ltr'><strong>dicit.</strong></span> 
     </span>
    </p>
   </div>
   <div class='ocr_carea' id='block_1_5' title="bbox 0 0 1592 4976">
    <p class='ocr_par' dir='ltr' id='par_1_6' title="bbox 0 0 1592 4976">
     <span class='ocr_line' id='line_1_42' title="bbox 0 0 1592 4976; baseline 0 1"><span class='ocrx_word' id='word_1_315' title='bbox 0 0 1592 4976; x_wconf 95' lang='lat' dir='ltr'><strong> </strong></span> 
     </span>
    </p>
   </div>
  </div>
 </body>
</html>
