3052 4972
423 403 476 454 nu
496 403 676 454 ursnourr
700 403 813 456 nuent
835 393 1012 458 erorum.
1213 394 1255 464 ⁶7

151 565 170 600 ⁴
189 577 293 642 quem
316 561 447 639 gratnm
472 553 719 639 acceptumque
743 556 778 619 in
800 554 974 624 exereitn.'
1015 553 1170 622 Ge'term
1191 559 1255 626 boe

1 689 2 708 ι
142 638 245 724 ¹loeo
259 658 365 741 agitur
378 658 421 722 de
435 674 563 732 amore,
575 672 644 720 non
658 674 724 738 quo
734 653 932 726 Palamedes
944 655 1127 722 exereitum
1138 677 1256 739 prose·

160 761 345 843 qnebetnr,
360 759 421 822 sed
434 777 506 841 qno
522 756 689 822 exereitus
701 757 823 840 ipsum,
837 760 848 795 ⁴
860 756 929 837 regi
946 757 990 821 ub
1004 775 1046 820 eo
1060 759 1211 842 cupiens,
1219 767 1256 828 et

160 860 368 927 tradendum
394 859 428 922 ei
448 858 619 940 imperinm
641 857 751 939 palum
773 855 935 939 loquens?
979 855 1048 926 1110
1069 877 1163 924 amor
1178 879 1254 928 enm

161 957 414 1042 Agamemnoni
428 964 619 1040 suspectum
629 962 663 1022 et
676 955 822 1020 invisum
837 955 1010 1040 reddebat.

214 1077 256 1124 ιι.
270 1060 324 1125 21.
360 1057 482 1136 ‘Quod
509 1059 617 1128 amice
644 1059 827 1140 impetrare
855 1059 1027 1141 nequitum
1055 1060 1129 1129 est-⁹
1170 1061 1255 1146 Ipsa
1345 1061 1348 1070 '

162 1161 359 1245 syntaxeos
368 1157 610 1225 Grammaticus
624 1159 713 1224 ratio
733 1157 897 1241 postulat,
911 1163 950 1221 ut
962 1159 1111 1239 legamus
1128 1164 1256 1246 ‘impe-

160 1259 266 1328 trari'
309 1258 400 1324 Vide
422 1260 559 1328 omnino
588 1258 728 1330 Festum
757 1259 793 1324 in
816 1259 1033 1342 ‘nequitum’
1052 1263 1111 1328 ubi
1132 1271 1256 1347 praeter

158 1361 307 1433 Pacuvii
328 1367 365 1426 et
387 1359 503 1429 Plauti
524 1359 614 1436 locu,
629 1359 732 1424 etiam
757 1357 832 1426 heee
856 1358 997 1426 Catonis
1019 1360 1129 1430 Prisci
1149 1366 1255 1436 verbu

159 1464 285 1528 nostrin
300 1459 427 1530 similia
440 1460 543 1544 plane
558 1459 721 1543 reperies3
744 1461 755 1500 l
764 1458 808 1524 Id
827 1458 942 1529 lanum
967 1463 1135 1545 nequitum
1151 1483 1255 1534 exau.

168 1563 297 1648 gumi?
341 1562 438 1628 Adde
465 1561 578 1628 Plani·
602 1559 694 1629 ΒΜ.
718 1577 770 1626 lv.
782 1560 881 1632 ι130.
903 1559 973 1634 ‘Ut
992 1563 1143 1647 nequitur
1167 1583 1255 1634 mm.

168 1665 291 1748 prum.¹
906 1665 907 1668 ’

210 1784 252 1832 ιι.
271 1767 326 1833 be.
349 1771 360 1808 ⁴
371 1766 512 1850 Egregie
535 1765 677 1834 hercule
702 1769 814 1832 actum
835 1765 1020 1834 nobisest.'
1060 1767 1253 1838 Bordebins

166 1867 229 1933 boo
243 1867 406 1953 explieat,
420 1872 553 1934 ‘uotum
575 1865 775 1944 nobiscum,'
795 1873 831 1934 et
843 1868 931 1936 inter
951 1867 1075 1936 indicia
1088 1869 1254 1956 sequioris

168 1969 401 2036 aetntisrelert.
442 1969 517 2050 Ego
536 1988 615 2034 vero
636 1968 844 2034 librariorum
857 1967 944 2038 bano
958 1989 1035 2036 esse
1056 1970 1190 2053 culpam
1204 1989 1256 2036 ar·

169 2069 286 2146 biber,
303 2088 373 2138 non
398 2069 550 2152 Septimii
570 2071 689 2154 ipsius,
710 2070 769 2154 qui
797 2070 942 2153 scripsit,
963 2070 1094 2154 opinor,
1120 2075 1255 2136 ‘aetum

173 2168 298 2247 vobis}
311 2187 422 2252 pro,a
440 2169 550 2246 robis,
567 2169 654 2235 haud
675 2170 771 2238 dubie
785 2171 866 2253 quie
887 2175 1054 2251 repererat
1074 2169 1109 2234 in
1124 2167 1257 2247 Graeeo,

176 2275 296 2348 riseris,
306 2271 351 2350 μδ
360 2266 429 2348 Ala,
440 2265 597 2354 rbpartrar
610 2271 683 2352 ὑμῖν.
718 2269 836 2338 Sedet
851 2268 965 2334 Latini
980 2268 1088 2338 solent
1098 2269 1257 2338 Dabrum

170 2375 220 2438 ita
228 2371 369 2454 jungere
381 2370 549 2456 passivis·
579 2370 715 2439 Sueton-
728 2361 818 2452 bug.
829 2369 862 2438 1.
876 2366 971 2434 ‘Are
985 2367 1129 2436 Octavio
1142 2387 1257 2438 conse

169 2471 291 2552 orata,'
311 2470 400 2536 Caes.
410 2471 464 2538 lll.
485 2469 619 2554 ‘Opera
633 2469 856 2554 optimatibus
870 2468 950 2536 duta
964 2468 1038 2536 est?
1069 2469 1153 2536 Tae.
1167 2467 1257 2537 Ano.

169 2587 254 2638 ιιι.
267 2573 321 2638 14.
342 2571 466 2652 ‘Quod
480 2571 633 2654 Regibus
647 2573 836 2638 factitatum
849 2570 1075 2641 memorabat!
1247 2633 1249 2637 .

212 2691 254 2740 ιι.
266 2675 321 2740 el.
341 2673 492 2740 tcuncta
506 2681 657 2740 extrema
669 2679 765 2742 ratus
779 2675 921 2758 experiri
932 2672 952 2754 3'
972 2673 1039 2738 boo
1053 2677 1117 2748 eet,
1131 2677 1253 2738 certus.

167 2775 236 2842 Sed
251 2781 365 2862 putem
377 2775 551 2861 scripsisse
559 2774 769 2858 Septimium,
783 2773 964 2857 ‘puratnaf

175 2920 179 2930 -
213 2889 255 2943 ιι.
274 2878 328 2944 41.
364 2873 530 2960 ‘Campa
558 2876 618 2958 qui
641 2874 789 2958 reliquus
809 2893 875 2942 non
903 2891 1023 2957 pugnae
1050 2879 1256 2956 opportunus

166 2977 259 3046 erau’
299 2975 444 3044 Videtur
454 2975 642 3060 legendum,
653 2975 734 3058 ‘qni
746 2971 908 3060 reliquus,
920 2991 983 3038 nee
997 2989 1119 3057 pugnae
1135 2988 1257 3054 oppor-

166 3087 269 3146 tunus
283 3077 377 3146 erat’
415 3113 420 3122 ·
529 3099 533 3104 ·
573 3081 575 3086 '

213 3197 256 3248 rr.
277 3181 333 3248 42.
356 3179 475 3274 ‘ons
487 3179 619 3265 primns
637 3179 748 3246 bostis
769 3175 972 3244 incesserat'
1016 3173 1106 3256 Lege
1121 3170 1255 3240 omnino

168 3281 340 3366 ‘primos'
370 3281 530 3368 Sequitur
543 3283 628 3347 enim
642 3299 735 3358 mox,
749 3285 760 3316 ‘
765 3279 898 3366 jamque
912 3277 1010 3356 fusis,
1024 3274 1135 3361 quiin
1147 3269 1259 3346 medio

173 3385 298 3465 erantr’
320 3381 450 3449 scilieet
460 3384 547 3449 inter
557 3381 688 3466 primos
702 3388 736 3448 et
745 3389 947 3465 postremos.

219 3499 260 3549 ιι.
276 3482 330 3552 tu
350 3483 423 3550 “Ut
435 3501 600 3569 quemque
624 3501 699 3548 sors
712 3480 992 3565 conglobauerat?
1034 3477 1091 3558 Et,
1104 3479 1167 3546 ‘ad
1181 3496 1260 3564 pos·

174 3593 323 3666 tremum
335 3587 385 3652 nti
407 3585 560 3672 quidque
574 3604 648 3652 sors
668 3583 815 3662 dederat,
835 3579 1047 3667 preeripinnt’
1091 3579 1260 3650 Notarnrtt

173 3705 303 3764 omnes,
315 3687 358 3751 ab
371 3687 535 3773 Septimio
556 3687 727 3770 diligenter
744 3687 868 3751 leetnm
888 3702 965 3750 esse
987 3681 1195 3776 Sallustium,
1210 3685 1260 3745 at·

171 3805 242 3872 qne
258 3805 463 3871 expressum.
506 3785 573 3852 Ille
586 3806 669 3854 reno
682 3787 769 3851 hune
790 3785 827 3852 in
850 3801 988 3853 sensum·
996 3781 1127 3865 passim
1139 3785 1175 3844 et
1185 3779 1261 3843 nbi-

168 3907 239 3974 qne
254 3885 362 3952 ‘sors'
374 3887 520 3966 adhibet,
531 3887 611 3970 Jng.
624 3885 678 3954 el.
699 3884 810 3951 ‘Fors
824 3882 935 3949 omnia
947 3880 1077 3964 regere:
1091 3878 1147 3968 78.
1174 3880 1185 3916 ‘
1200 3876 1261 3946 Uti
1274 3871 1282 3882 “

167 3992 242 4058 fors
256 3987 358 4067 tulit,'
368 3987 422 4054 97.
434 3991 535 4074 plane
547 3997 586 4055 ut
598 3990 667 4068 bio,
681 3985 916 4062 ‘Gateruatim
929 3983 978 4050 uti
990 3981 1061 4049 sors
1075 3976 1258 4064 conglobas

162 4097 274 4173 verat,
301 4093 337 4156 in
363 4097 498 4157 nostros
524 4088 716 4156 incurrunt:
759 4087 886 4154 Noster
912 4083 1015 4152 etiam
1039 4081 1128 4146 inira
1144 4094 1179 4141 v.
1201 4077 1255 4146 12,

159 4191 319 4261 ‘cedere
345 4211 419 4273 eos,
441 4211 533 4278 qnos
558 4189 631 4258 fors
657 4185 843 4272 objecerat’
887 4181 955 4272 Sed
978 4184 1012 4249 et
1033 4181 1068 4246 in
1089 4175 1256 4260 plerisque
