3010 4978
292 363 336 427 48
551 379 630 426 rso.
654 375 846 424 rraraorur
872 375 1117 424 nissunrrrro

293 518 486 598 etcopiose
508 514 749 579 confutavimus
769 516 804 578 iu
819 515 1057 598 superioribus.
1102 515 1154 578 De
1176 513 1237 578 illo
1262 521 1374 578 numm

293 618 448 695 Prologo,
466 633 565 695 qnenr
579 615 684 677 solum
700 616 734 678 in
758 615 829 677 suis
843 615 893 678 nit
914 616 1049 697 reperiri
1063 613 1164 679 Mutis
1179 612 1375 689 (lodicibus,

291 716 408 778 lubens
423 713 538 775 iverim
553 714 588 775 in
602 714 799 776 sententiam
815 713 1014 795 amplissimi
1022 712 1193 788 Obreohti,
1209 712 1268 793 qui
1283 712 1377 775 illum

168 858 174 865 -
293 814 411 877 Grreoe
427 812 576 893 primitus
591 813 764 894 scriptum,
779 819 814 874 ot
832 810 954 897 Grrooo
969 812 1085 893 Dictyi
1102 810 1310 895 praemissum
1325 811 1377 874 lu-

292 913 361 975 isse
378 913 566 976 arbitratur.
609 912 664 975 Ita
676 931 754 976 vero
769 918 803 976 et
820 910 877 974 ille
895 931 938 974 ex
953 910 1077 976 Groeco
1091 910 1216 974 debuit·
1227 929 1378 974 sermone

291 1014 326 1076 in
338 1013 490 1077 utinum
500 1032 576 1076 esse
587 1012 854 1087 translatus,non
869 1019 978 1075 tumen
992 1030 1013 1075 u
1028 1012 1204 1094 Septimio,
1217 1012 1341 1093 quippe
1356 1030 1377 1073 a

292 1132 359 1196 quo
374 1114 408 1175 in
421 1112 621 1193 quibusdam
636 1111 671 1174 in
685 1112 817 1176 diversa
830 1111 913 1189 ubit,
927 1118 961 1176 et
977 1111 1073 1194 cnjus
1082 1112 1212 1175 idcirco
1226 1118 1376 1192 tempore

291 1211 435 1277 nondum
448 1212 600 1274 extitisse
616 1211 759 1289 ridetur,
773 1218 863 1275 certe
878 1229 943 1275 nou
965 1213 998 1276 iu
1012 1212 1169 1277 omnibus
1180 1212 1378 1293 exemplari·

292 1314 368 1387 bns,
383 1330 492 1391 usque
508 1310 592 1374 adeo
607 1310 640 1373 in
656 1311 711 1389 iis,
726 1330 802 1392 quae
819 1311 853 1379 in
867 1312 1020 1394 Septimii
1035 1331 1151 1377 munus
1165 1311 1376 1377 devenerunt.

294 1412 392 1475 Patet
410 1409 488 1472 inde
513 1428 613 1490 quum
633 1411 721 1474 male
742 1410 842 1491 igitur
862 1430 938 1475 eum
961 1409 1031 1476 Leo
1045 1411 1193 1476 Allatius
1210 1430 1272 1493 pro
1287 1410 1378 1474 illius

294 1518 428 1594 quoque
442 1508 569 1590 prologi
584 1514 721 1572 anctore
735 1509 873 1584 habeat,
897 1514 931 1572 et
955 1509 1032 1574 ideo
1046 1510 1112 1574 sibi
1127 1510 1260 1574 incaute
1281 1511 1377 1573 nimis

293 1611 471 1687 adversari,
487 1611 520 1672 in
543 1607 688 1689 Prologo
703 1608 778 1672 scil.
791 1615 825 1672 et
845 1607 1012 1690 Epistola,
1024 1615 1129 1692 putet,
1144 1611 1185 1672 de
1208 1610 1284 1673 Pat.
1301 1610 1375 1674 Ho-

181 1788 190 1799 .
292 1709 375 1775 meri
389 1709 441 1773 59.
474 1707 546 1790 Ego
560 1726 635 1770 vero
651 1708 830 1791 Prologum
845 1706 933 1771 hunc
942 1709 985 1771 ab
996 1707 1110 1790 ignoto
1124 1711 1221 1772 nobis
1234 1710 1378 1785 homine,

294 1818 330 1874 et
354 1811 479 1873 incerto
504 1812 650 1889 tompore
677 1814 715 1870 ut
734 1807 908 1869 fornrstum
931 1809 1048 1888 primo,
1069 1807 1118 1871 ita
1139 1808 1215 1871 dein
1243 1811 1286 1871 ab
1308 1811 1379 1873 alio

293 1906 393 1975 etiarn
409 1927 540 1972 versum
555 1907 675 1971 Latine
696 1906 902 1984 crediderim,
921 1908 1000 1988 qnia
1022 1907 1119 1989 plnru
1139 1907 1183 1970 ad
1205 1907 1380 1972 historiam

293 2010 421 2073 inventi
436 2008 555 2090 Operis
569 2007 767 2088 pertinentia
781 2008 983 2085 continebat,
996 2026 1095 2089 quum
1118 2007 1271 2091 Septimii
1287 2008 1381 2072 iltius

295 2110 458 2193 Epistola.
502 2107 591 2184 Quae
609 2113 645 2170 et
666 2118 771 2171 consu
794 2107 906 2169 forsan
920 2107 993 2182 tuit,
1007 2126 1111 2188 quare
1132 2107 1168 2169 in
1180 2107 1381 2187 quibusdam

295 2211 394 2274 codd.
410 2229 474 2273 nou
484 2208 677 2290 reperiatur,
692 2208 725 2271 in
734 2206 808 2270 aliis
823 2226 904 2271 vern
918 2206 1033 2288 ejectos
1048 2205 1202 2289 Septimii
1217 2205 1379 2288 Epistulae

296 2310 342 2370 sit
360 2306 572 2368 substitutus.
685 2346 688 2353 «

338 2417 455 2464 xxxr.
478 2400 631 2464 Ceterum
655 2399 823 2482 Interpres
845 2403 1080 2486 ille,quisquis
1100 2405 1378 2483 fnit,acoon1mo·

295 2501 393 2564 dasse
408 2506 517 2562 muron
538 2517 614 2561 eum
632 2498 761 2561 videtur
775 2500 819 2562 ad
834 2500 987 2564 Ladnam
1000 2504 1083 2567 hanc
1101 2506 1240 2589 Dictyos
1253 2506 1379 2569 versio·

294 2619 384 2675 nem,
397 2595 560 2679 siquidem
582 2603 753 2661 auctorem
776 2599 887 2680 ipsum
908 2601 943 2664 in
967 2621 1030 2666 sex
1051 2610 1179 2669 tantum
1199 2606 1379 2681 volumina,

295 2706 378 2783 qnnt
397 2704 473 2760 sunt
493 2695 592 2778 lrnjns
613 2697 786 2791 verpionis,
814 2699 988 2765 historiam
1010 2703 1192 2783 digessisse
1221 2707 1279 2782 ait,
1303 2724 1380 2769 cum

296 2798 437 2863 Graecns
462 2796 584 2880 Dictys
601 2796 695 2860 illins
719 2798 869 2864 Praxeos
884 2802 919 2864 in
942 2818 1064 2866 norem
1084 2804 1245 2867 fueritve}
1261 2804 1379 2868 decem

296 2897 463 2962 volumina
477 2897 619 2974 divisus,
633 2904 670 2962 nt
681 2918 727 2962 ex
742 2900 893 2982 Septimii
911 2902 1063 2985 Epistola
1077 2912 1112 2968 ct
1124 2905 1228 2968 Suida
1238 2911 1381 2968 constat.

297 2996 414 3063 Sedet
430 2999 552 3062 erravit
574 3004 693 3062 auctor
715 3000 808 3064 illius
823 3001 957 3083 Prolngi
979 3004 1013 3066 in
1033 3024 1087 3081 eo,
1103 3004 1193 3086 quod
1220 3007 1266 3069 ait
1289 3005 1383 3086 ‘jus-

297 3096 406 3164 sisse'
429 3098 597 3162 Neronem
624 3098 679 3161 ‘in
703 3098 859 3164 Graecnm
891 3120 1075 3167 sermonem
1104 3105 1168 3166 ists
1190 3103 1382 3178 transferri:

298 3200 394 3280 quasi
414 3198 483 3261 alio
507 3196 651 3260 fuissent
683 3218 831 3262 sermone
857 3203 1061 3283 conscripta.
1105 3203 1246 3267 Rectius
1270 3203 1382 3286 Septi·

234 3291 242 3307 '
296 3297 385 3359 mins
410 3294 623 3357 ‘Orationem
650 3296 754 3361 luisse
777 3298 951 3363 Graecam’
974 3300 1122 3377 affirmat,
1145 3303 1290 3366 ‘literis'
1309 3310 1382 3367 tan·

296 3400 365 3456 tum
389 3389 551 3455 ‘Punicis
564 3395 806 3477 oonsoriptum,’
821 3397 910 3479 qnod
933 3399 1043 3480 ipsum
1064 3403 1177 3483 ntique
1192 3401 1266 3480 ipso
1279 3403 1382 3465 etiam

297 3497 415 3554 auctor
436 3490 546 3571 operis
567 3511 636 3572 prue
651 3512 688 3556 se
705 3495 769 3559 lert
795 3497 855 3561 lib.
871 3513 905 3562 v.
921 3517 997 3581 cap.
1014 3501 1065 3563 17.
1110 3499 1165 3562 An
1179 3516 1256 3579 crgo
1271 3501 1382 3565 voluit

298 3589 472 3668 Prologus,
485 3589 566 3669 qnia
587 3591 698 3655 lorsan
714 3595 868 3659 obsoleto
894 3604 928 3660 et
950 3596 1091 3662 barbaro
1112 3597 1215 3661 terme
1229 3616 1378 3664 sermone

295 3687 434 3783 historia
447 3686 521 3753 haec
544 3691 696 3755 consulto
710 3692 774 3758 luit
792 3715 814 3759 a
829 3694 974 3761 Praxide
993 3696 1194 3780 composita,
1210 3698 1380 3765 redactam

296 3807 370 3852 eum
381 3788 481 3871 jussu
504 3788 659 3869 Neronis,
674 3794 816 3860 sublatis
829 3796 897 3859 illis
911 3796 1068 3861 obsoletis
1088 3806 1124 3860 et
1137 3800 1327 3879 peregrinis,
1342 3800 1381 3864 in

296 3890 436 3951 nitorem
449 3887 574 3969 lingum
588 3897 664 3955 tunc
675 3893 845 3971 usitatum,
854 3913 952 3976 mque
966 3915 1006 3958 ac
1016 3897 1154 3961 Punicae
1166 3898 1272 3962 literae
1286 3916 1384 3961 conr-

296 3994 431 4069 mutatae
453 3995 529 4053 sunt
541 3988 687 4054 Atticisl
732 3992 772 4056 Id
799 4012 896 4076 paene
919 3996 1143 4076 credidissem,
1159 4002 1235 4082 quia
1250 4006 1379 4063 cetero·

297 4087 376 4172 quin
395 4087 451 4153 illc
476 4087 640 4171 Prologus
667 4090 786 4159 diserte
809 4093 909 4159 nimis
934 4101 1062 4164 auctori
1083 4120 1145 4166 suo
1167 4100 1376 4177 adversatur,
