3144 4982
294 407 361 477 18⁴
497 488 502 496 ι
641 422 803 472 ΒΙΟΊὟΟΕ
827 423 1053 475 nannnnsln.

296 586 339 635 ac
350 582 439 630 moro
451 562 541 645 regio
555 547 698 629 inuicem
712 564 863 647 acceptia
875 564 1032 649 datisque
1046 567 1153 647 donia,
1165 569 1385 638 Machaonem

295 674 331 732 ot
341 663 548 732 Podalirium
559 664 752 747 AEaculapii
764 664 854 729 tilios
867 667 1038 744 venire,ac
1052 669 1182 734 vulneri
1195 671 1320 736 mederi
1332 674 1387 758 jn·

295 769 391 832 nent:
405 764 466 848 qui
479 765 632 850 iuspecto
641 765 749 832 crure⁸
759 763 775 802 ‘¹
787 785 931 850 propere
942 776 1025 851 apta
1038 768 1148 835 dolori
1162 772 1387 840 medicamina

293 869 477 949 imponunt
519 864 577 943 [7.]
598 867 667 933 Sed
680 867 738 931 nbi
752 867 839 933 tritis
854 869 985 953 aliquot
998 870 1128 949 dicbus,
1143 877 1272 955 tempus
1294 879 1387 941 navi·

295 966 398 1050 gandi
412 968 581 1048 mmorari,
593 979 636 1034 'ac
650 969 755 1034 nentia
770 969 1024 1036 adversantibus
1039 993 1129 1038 mare
1144 975 1179 1038 in
1193 976 1265 1040 dice
1278 978 1387 1060 magis

293 1069 467 1155 mugieqrm
488 1071 628 1135 muira·
650 1072 823 1153 occoepit,⁹
837 1071 1025 1155 Telephum
1041 1073 1176 1151 adeunt,
1189 1096 1332 1160 eumque
1344 1078 1385 1142 de

295 1170 539 1253 opportunitate
554 1173 713 1255 temporis
727 1171 924 1236 consulunt:
939 1177 1042 1254 atque
1057 1175 1101 1237 ab
1116 1193 1158 1239 eo
1172 1174 1275 1253 docti,
1290 1178 1386 1242 initio

296 1269 385 1335 veria
398 1289 443 1335 ex
457 1270 509 1335 hia
522 1271 607 1337 locia
620 1271 665 1337 od
683 1271 820 1355 'frojam
832 1268 1033 1354 navigandi‘
1051 1280 1183 1357 tempus
1207 1295 1292 1353 eene,
1308 1278 1384 1341 reli·

297 1389 365 1453 qua
375 1370 530 1449 adverae,
540 1373 667 1438 cunctis
677 1372 869 1437 volentibus
878 1372 1051 1437 Boeotiam
1061 1381 1295 1441 reuertuntur.¹
1316 1376 1386 1440 Ibi·

296 1492 363 1557 qne
376 1472 554 1540 subductio
569 1474 722 1548 nauibus,
734 1471 857 1555 singuli
872 1473 905 1535 in
920 1491 1022 1554 regna
1035 1492 1098 1538 ena
1109 1473 1301 1559 hyematum
1315 1475 1386 1540 die-

297 1573 429 1641 ceduno
475 1574 613 1639 Interim
636 1575 671 1638 in
685 1592 728 1639 eo
741 1574 811 1638 otio
826 1573 894 1656 regi
908 1572 1155 1654 Agamemnoni
1176 1596 1252 1641 cnm
1268 1576 1386 1642 Mene·

235 1738 238 1743 ,
295 1674 352 1741 lao
373 1674 472 1740 tratre
492 1693 646 1741 exercerc
665 1673 851 1738 discordiae
866 1692 1009 1738 vacnum
1033 1673 1122 1753 iuit‚¹¹
1147 1680 1192 1743 ob
1214 1678 1384 1762 proditam

296 1774 514 1858 Iphigeniam.
557 1774 594 1839 Ia
613 1770 773 1856 namqne¹
792 1777 919 1850 auctor,
945 1780 981 1838 et
1003 1776 1109 1842 veluti
1128 1797 1232 1843 canan
1251 1778 1383 1842 lnctne¹

296 1876 371 1959 ojus
385 1876 592 1942 credebatur.
634 1873 693 1956 [8.]
716 1874 781 1940 Per
801 1875 890 1939 idem
910 1882 1057 1959 tempus,
1070 1879 1129 1944 ubi
1143 1878 1186 1943 de
1207 1878 1386 1962 conjurati·

297 1996 361 2044 one
374 1978 536 2043 uniuersae
551 1977 695 2043 Groecioe
709 1976 799 2059 apnd
819 1975 954 2059 Trojam
970 1984 1176 2061 compertum
1191 1986 1256 2055 eet,
1270 1984 1386 2044 ancto-

296 2076 390 2143 ribua
402 2078 510 2143 nundi
523 2078 595 2161 ejus
615 2075 752 2159 Scythia
764 2072 936 2152 barbarie,k
952 2077 1010 2159 qui
1022 2079 1192 2169 mercandi
1205 2080 1312 2162 gratia
1326 2098 1388 2163 per

298 2196 428 2245 omnem
444 2177 704 2261 Hellespontum
719 2180 926 2240 commutare
942 2195 997 2242 ren
1006 2174 1036 2215 ²¹
1058 2197 1136 2244 cum
1151 2180 1278 2245 accolis
1291 2181 1388 2257 anab,

755 2317 934 2351 umquem

297 2423 314 2465 c
338 2416 436 2479 Delpb.
457 2422 538 2466 et.-·l
560 2419 658 2482 Delph.
676 2420 759 2482 Hique
780 2421 875 2470 tta-b
898 2420 942 2471 Stc
972 2419 1086 2470 correxit
1106 2418 1229 2482 Vlnding.
1259 2420 1385 2482 probante

298 2478 426 2531 Obrecht.
444 2481 544 2546 Delpb.
562 2489 590 2531 et
606 2483 675 2547 vulg.
693 2484 798 2545 manacta
814 2490 931 2535 carc-⁹
947 2482 1039 2548 Delpb.
1058 2482 1201 2545 aecipite-l
1219 2481 1288 2533 Ante
1310 2485 1387 2536 tutae

298 2543 390 2592 inserit
406 2543 504 2629 Delpb.
525 2558 615 2594 vocam
633 2547 753 2597 tanti-2
776 2548 848 2598 Med.
865 2548 931 2599 Cnd.
951 2552 1091 2599 mmm
1111 2560 1205 2596 rnerrea
1233 2547 1303 2601 ⁴‘Sed
1323 2549 1386 2598 nihil

297 2604 457 2657 metandum.
506 2606 612 2658 Salinat.
634 2609 695 2672 Jng.
712 2625 769 2674 cap.
789 2624 873 2660 auur.
900 2611 1064 2662 ‘naturitati
1086 2610 1159 2658 dirlai
1189 2610 1222 2659 ab
1246 2610 1386 2675 Hirpinum,

300 2677 402 2721 moure
412 2683 455 2720 raa
466 2671 536 2735 inter
546 2686 574 2723 ac
584 2674 765 2724 lnatitnerant'
782 2673 908 2727 Obrecht.

788 2801 895 2853 ΝΟΜ

328 2893 466 2960 *immo
480 2908 549 2946 erere
563 2894 681 2960 [inaperta
695 2896 764 2960 rara]
789 2896 823 2946 ld
894 2905 907 2942 t
926 2896 1217 2961 Boetiaaerenertaatar]
1235 2896 1388 2962 Dednpllca

299 2977 348 3033 eat,
372 2971 542 3025 ‘curatione’
582 2974 616 3023 Et
635 2973 755 3025 ‘aurern'
773 2975 822 3025 bac
862 2972 1014 3025 (trecorum
1039 2973 1204 3037 expeditione
1231 2974 1256 3022 in
1283 2974 1388 3039 Trojano

298 3061 375 3097 aenan
397 3047 482 3113 poenit
504 3048 599 3099 alicubi
618 3048 719 3101 Cicero·
755 3049 822 3099 lndc
862 3051 916 3114 egit
932 3051 1052 3101 Euatath.
1075 3052 1101 3099 in
1120 3050 1153 3099 Il.
1169 3056 1198 3099 Α.
1231 3049 1298 3100 Vide
1317 3052 1388 3101 Pan·

299 3129 413 3173 noatrnrn
424 3137 487 3173 care.
861 3132 951 3178 nant.

331 3197 461 3262 ‘Soeeird
475 3198 518 3247 Sic
535 3198 645 3248 hncllina
657 3199 723 3250 dixit
739 3203 822 3250 ‘tem
893 3200 1041 3252 *Eanum
1060 3199 1187 3250 dbeerdina
1205 3212 1303 3246 orcam
1316 3198 1383 3262 seit]

298 3280 411 3336 pentatea
427 3278 526 3322 aevan'
555 3275 663 3323 ‘Serae
679 3275 823 3338 procellae!
861 3277 902 3325 Ex
920 3277 983 3325 Sall.
1006 3275 1082 3324 Catil.
1104 3272 1264 3336 ‘Postquam
1285 3280 1386 3322 remoto

299 3348 402 3395 haeret.
413 3346 552 3411 meinero,
570 3349 692 3400 ‘ventum
709 3351 823 3401 aernm'
861 3358 931 3400 metu
943 3351 1044 3399 Punite
1054 3349 1196 3399 aimoltatea
1208 3360 1331 3397 exercere
1342 3362 1386 3396 ra·

297 3418 469 3469 et‘tnrbinea
481 3421 582 3472 aerea!
860 3439 938 3475 onom
945 3424 1013 3474 fult!

329 3493 429 3543 ‘Initio
443 3497 506 3545 neria
523 3511 554 3546 ee·
570 3498 608 3547 bie
620 3499 717 3548 leeiaad
728 3499 822 3560 stelen
893 3500 944 3549 ¹12
955 3499 1068 3564 amne]
1083 3499 1219 3549 Menelaon
1230 3497 1338 3547 acilicet·

296 3569 437 3632 uulgum]
456 3570 522 3620 llaec
530 3585 593 3620 vern
603 3587 697 3635 magna
704 3573 821 3638 Gangra-
893 3575 905 3609 ¹
921 3576 1064 3625 Auetedbaa
1075 3574 1155 3624 aeaut
1165 3573 1214 3632 dae
1224 3572 1323 3636 Scythia
1333 3572 1386 3621 dor·

297 3644 364 3708 phin
377 3645 519 3707 ignoratloz
536 3645 624 3708 alyne
639 3648 718 3708 enlm,
733 3648 759 3697 lu
771 3663 821 3712 qna
861 3650 935 3714 bada]
951 3651 1055 3714 scythen
1070 3648 1137 3696 enlm
1151 3647 1273 3708 jamtum
1284 3647 1387 3695 nautica

297 3717 422 3782 regnabat
432 3717 569 3780 Telephon,
585 3719 822 3786 proxima‘l'roadl5
861 3732 889 3777 et
906 3732 1053 3775 mercatore
1070 3721 1143 3770 clari.
1175 3719 1252 3770 Unde
1270 3736 1328 3770 mox
1341 3735 1386 3773 eoa

297 3802 328 3846 nt
338 3793 449 3843 dixinrna
460 3808 547 3857 anpra,
557 3802 585 3843 et
595 3794 655 3844 inde
667 3804 697 3846 nt
710 3798 743 3846 ad
759 3799 821 3848 Tro·
861 3802 941 3853 donea
951 3795 1120 3860 navigationis
1132 3801 1263 3844 maumont
1273 3795 1371 3846 Greci.

292 3871 347 3935 jarn
359 3871 516 3932 navigarent,
534 3883 579 3919 ora
594 3877 692 3922 tautum
703 3875 822 3937 legenda.
893 3874 901 3911 ¹
918 3876 1067 3924 emnem
1085 3867 1136 3931 ree]
1163 3867 1229 3919 llaec
1248 3871 1317 3919 eatur
1339 3871 1388 3921 init

295 3946 347 3996 Sed
359 3946 415 3995 hac
426 3946 464 3994 ita
473 3943 558 4007 tinxit,
571 3953 602 3995 at
611 3949 766 3998 novennium
777 3964 822 3999 ex·
861 3950 940 4001 antio
951 3948 1041 4011 primia
1053 3944 1215 4008 temporihua
1226 3945 1331 4008 unitata,
1346 3959 1390 3995 rea

297 4021 436 4088 peditloola
457 4020 593 4083 impleret:
620 4028 647 4072 at
668 4023 821 4074 decennium
861 4040 919 4076 anae
937 4036 996 4073 eum
1016 4020 1093 4071 rebna
1105 4021 1213 4071 alteriue
1223 4029 1391 4084 commutare,

296 4099 427 4161 vulgatum
445 4096 508 4146 belli
517 4094 619 4159 'frojam
629 4096 662 4145 ad
673 4110 765 4147 norem
776 4112 820 4147 an·
860 4113 936 4166 qoem
947 4097 1174 4149 naorernetedlanc
1185 4096 1273 4160 popali
1283 4097 1387 4161 qaidanr

295 4188 342 4223 noa
354 4172 435 4237 ipetna
446 4179 587 4236 apparatae
595 4172 729 4221 redactnnr
740 4173 766 4221 in
777 4173 821 4221 de·
861 4177 989 4228 obtinent.

296 4252 389 4301 cinnum
400 4249 481 4315 ipaiua
493 4249 553 4299 belli
564 4250 736 4301 contraheret.
