3052 4972
395 361 444 410 nn
467 359 646 410 ursaonrr
674 362 779 409 snum
805 364 978 414 rnorem.
1180 355 1222 416 47

133 523 197 569 suo
214 504 313 585 operi
326 504 542 586 praescripsit,
558 521 701 585 eumque
716 502 814 566 finxit
835 504 1002 569 Idomenei
1017 503 1222 572 Cretensium

133 606 243 686 reguli
258 603 358 668 fuisse
381 605 535 668 comitem
560 605 594 666 in
613 603 822 684 expeditione
843 624 864 666 a
879 603 1008 667 Graecis
1029 607 1062 666 in
1085 604 1222 687 Trnjam

135 709 307 785 suscepta.
350 703 400 767 Ut
409 722 490 768 vero
499 722 583 784 opus
596 704 656 766 boc
670 711 736 765 tam
749 707 903 785 specioso
915 704 1044 767 nomine
1060 711 1222 783 ornatum,

135 805 239 867 etiam
256 811 388 868 aetatem
405 803 533 885 antiqui
557 802 642 866 adeo
663 804 810 866 auctoris
832 804 918 885 ipsis
932 804 1036 868 ueluti
1050 805 1157 868 oculis
1173 808 1222 868 in-

134 912 278 985 gereret,
289 905 425 986 scripsit
437 901 518 967 illud
531 903 651 966 ‘literis
661 902 820 980 Punicis:
827 905 943 985 quales
949 909 1025 967 tuno
1036 913 1126 968 eraut
1141 905 1221 970 Poe·

133 1004 192 1066 nis
207 1005 244 1066 in
259 1021 333 1079 usu,
349 1011 383 1068 et
396 1003 549 1088 qualibus
561 1002 715 1067 credebat
725 1004 973 1084 antiquissimos
989 1003 1128 1080 Graecos
1138 1006 1219 1070 olim

133 1121 232 1179 usos,
247 1105 326 1184 quia
339 1101 541 1179 illosliteras
556 1121 601 1164 ex
613 1099 786 1166 Phoenicia
801 1122 859 1184 per
870 1102 1032 1167 Cadmum
1046 1108 1221 1188 accepisse

133 1209 242 1277 norat,
253 1202 332 1264 licet
344 1199 483 1264 Punicae
497 1199 681 1264 Neroniani
692 1203 851 1283 temporis
863 1201 968 1268 literae
979 1204 1115 1267 multum
1131 1206 1221 1272 baud

134 1302 236 1370 dubie
261 1307 398 1365 mntatae
419 1301 491 1383 jam
515 1306 625 1376 essent
641 1301 782 1378 abillis,
808 1321 890 1384 quas
911 1303 988 1366 olim
1016 1303 1161 1370 Cadmus
1185 1309 1227 1371 in'

132 1402 301 1467 Graeciam
323 1401 489 1465 intulerat.
534 1400 701 1464 Praeterea
722 1402 858 1483 scripsit
876 1403 957 1466 illud
980 1405 1015 1466 in
1040 1404 1222 1489 ‘Philyris’

136 1523 194 1568 sen
220 1508 230 1540 ‘
242 1503 361 1578 Titiis:
383 1503 447 1567 hoc
474 1509 537 1580 est,
560 1500 614 1565 vel
637 1502 672 1564 in
691 1501 826 1564 tabellis
848 1501 1000 1580 tiliaceis,
1021 1505 1062 1568 do
1081 1525 1219 1587 quarum

136 1603 275 1684 antiquo
290 1609 324 1667 et
335 1603 501 1684 frequenti
524 1623 586 1666 usu
608 1607 684 1664 ante
703 1602 864 1664 inventam
880 1622 1040 1687 papyrum
1059 1612 1094 1670 et
1116 1627 1219 1674 mem·

134 1703 270 1767 branam
284 1717 528 1784 pergamenam,
542 1704 669 1783 egimus
684 1701 726 1766 ad
739 1701 917 1778 AElianum,
932 1702 1014 1770 Ver.
1030 1705 1121 1771 Hist.
1137 1725 1219 1773 xru.

134 1803 186 1869 12
232 1800 298 1865 Vel
312 1803 345 1864 in
357 1803 583 1866 voluminibus
598 1821 643 1864 ex
658 1802 758 1877 libro,
773 1821 829 1864 seu
846 1804 997 1868 interiore
1012 1808 1124 1872 tunica
1135 1811 1220 1875 inter

136 1905 294 1968 corticem
309 1910 345 1966 et
357 1903 481 1984 lignum
501 1903 594 1978 tiliae,
608 1901 772 1975 formatis,
785 1901 820 1963 in
832 1902 954 1983 quibus
966 1911 1000 1967 et
1014 1906 1101 1986 ipsis
1115 1911 1221 1992 scrip-

138 2005 321 2067 seruntvel
340 2005 485 2066 maxime
502 2001 741 2083 antiquissimis
762 2004 980 2081 temporibus.
1023 2002 1113 2070 Vide
1129 2005 1225 2072 Vos·¹

143 2099 233 2165 sium
248 2102 291 2164 de
307 2101 385 2164 Arte
398 2102 580 2165 Grammat.
596 2119 621 2164 ι.
631 2101 684 2166 36.
713 2101 866 2182 Denique
878 2101 974 2164 finxit
985 2106 1221 2170 inventosesse

138 2203 207 2264 hos
222 2200 350 2262 libellos
373 2199 406 2261 in
432 2200 586 2279 sepulcro
608 2199 694 2262 illius
716 2200 872 2281 Dictyos,
887 2201 975 2281 quod
1003 2208 1098 2267 terrae
1119 2211 1221 2283 motu,

132 2297 240 2384 ‘qnam
264 2310 409 2363 senserat
435 2305 511 2362 tunc
537 2297 642 2375 Creta,
665 2298 845 2380 collapsum
875 2304 907 2360 et
933 2307 1081 2382 apertum
1111 2302 1221 2368 suerit.

137 2399 261 2483 Neque
273 2406 444 2464 carnemnt
459 2417 615 2464 successu
638 2418 700 2462 suo
721 2397 772 2463 bae
788 2404 875 2463 artes
894 2406 929 2463 et
952 2400 1100 2481 fraudes,
1116 2405 1219 2488 siqni-

135 2503 210 2568 dem
231 2520 298 2566 non
322 2502 392 2583 ipse
415 2507 541 2564 tantum
572 2500 697 2564 Praxis
720 2501 855 2565 unctius
880 2503 923 2564 ab
948 2501 1082 2567 Caesare
1106 2508 1219 2573 retulit

134 2609 251 2684 capnt,
266 2601 324 2665 sed
340 2611 374 2665 et
388 2602 498 2684 ipsum
513 2601 575 2664 hoc
591 2619 677 2682 opus
692 2600 793 2664 literis
809 2599 938 2664 Graecis
952 2621 1010 2664 seu
1025 2600 1149 2668 Atticis
1163 2607 1219 2670 de·

133 2705 305 2785 scriptum,
321 2711 474 2784 tanquam
490 2700 666 2780 genuinum
692 2699 848 2780 ‘antiqui
868 2701 954 2776 Viri,
976 2701 1035 2784 qui
1057 2704 1144 2785 apud
1161 2704 1217 2768 Ili·

134 2823 188 2866 nm
210 2803 328 2879 fueret,
351 2801 622 2873 monumentum,'
648 2801 682 2862 in
698 2799 865 2880 publicam
883 2805 962 2863 tnnc
976 2800 1040 2863 init
1052 2811 1217 2884 receptum

134 2902 387 2977 Bibliotbeeam,
401 2906 435 2964 et
448 2901 497 2964 ita
518 2898 691 2980 vulgatum
713 2898 880 2981 deinceps,
896 2906 933 2962 ut
947 2897 1061 2963 Graeci
1080 2902 1218 2966 multum

135 3023 176 3066 co
190 3001 315 3066 luerint
328 3001 392 3077 usi,
413 3006 447 3064 et
466 3019 528 3081 pro
549 3018 627 3062 vero
644 2999 866 3080 antiquissimi
889 2997 1032 3079 Dictyos
1048 2998 1220 3062 habuerint

135 3101 228 3174 ioelu,
252 3102 349 3176 unde,
365 3109 404 3164 nt
417 3103 464 3165 ait
491 3099 655 3180 Prologus
671 3099 803 3181 Operis,
830 3099 959 3162 ‘uerior
979 3093 1114 3177 ‘l‘rojani
1141 3097 1221 3162 belli

136 3211 249 3268 textus
262 3200 461 3267 innotuerit!

178 3319 279 3368 xxx.
302 3303 377 3367 Nec
391 3303 499 3364 minus
513 3300 688 3381 magnifice
704 3301 746 3365 de
765 3321 806 3364 eo
829 3298 937 3363 sensit
952 3295 1145 3379 Septimius,
1162 3300 1217 3380 qui

137 3403 259 3469 idcirco
273 3401 439 3479 ‘avidus’
453 3409 490 3466 ut
505 3403 563 3478 ait,
587 3407 694 3466 ‘verae
718 3399 883 3492 historiae'
904 3401 983 3464 illud
1009 3400 1125 3463 Latine
1148 3419 1219 3464 ver·

20 3587 21 3590 ¹
139 3523 286 3568 sumsuo
309 3507 399 3588 stylo
422 3503 599 3586 explicuit,
614 3504 645 3565 si
669 3502 754 3566 lides
779 3501 941 3583 Epistulae
965 3501 1041 3564 buic
1062 3499 1219 3564 Versioni

20 3605 23 3672 l,
136 3603 318 3687 praemissae
332 3614 389 3669 est
402 3602 563 3668 habenda.
608 3603 691 3666 Eam
708 3615 787 3665 vero
802 3601 938 3689 derogat
962 3601 1009 3664 illi
1038 3597 1061 3663 J
1064 3618 1112 3662 os.
1129 3597 1220 3664 Mer·

21 3705 23 3728 “
137 3721 248 3779 cerne,
275 3723 408 3787 eamque
424 3703 612 3786 Epistolam
635 3699 811 3766 ‘omnino’
832 3701 972 3766 affirmat
993 3699 1131 3781 ‘nuperi
1145 3719 1219 3762 esse

136 3815 176 3870 et
192 3803 333 3885 imperiti
347 3797 616 3881 Grammaticuli,'
630 3823 719 3880 cnm,
729 3803 817 3887 quod
832 3802 875 3865 ad
891 3801 1028 3865 alteram
1044 3796 1219 3863 Praelatio-

136 3925 229 3980 nem,
242 3921 304 3966 seu
328 3903 514 3986 Pmlogum,
528 3925 593 3970 non
619 3905 757 3981 dubitet,
772 3903 852 3985 quin
873 3903 917 3965 sit
943 3899 985 3963 ab
1004 3900 1081 3981 ipso
1106 3898 1218 3979 operis

133 4007 315 4086 scriptore,
331 4023 428 4086 quem
449 4006 482 4069 id
505 4026 592 4089 opus
615 4025 681 4068 non
703 4023 747 4066 ex
762 4002 886 4066 Graeco
912 4000 1062 4076 vertisse,
1078 3997 1137 4060 sed
1153 3999 1218 4061 La·

127 4096 205 4172 tino
220 4123 371 4170 sermone
386 4107 618 4187 composuisse
627 4103 810 4172 contendit.
832 4101 1004 4166 Posterius
1014 4098 1077 4161 hoc
1088 4097 1217 4162 abunde
