3200 4972
296 336 367 403 336
667 348 830 398 uenuste
852 349 1012 399 muron
1096 352 1101 393 :

297 501 399 569 rnatu,
415 499 450 555 et
468 489 684 573 jurejurando
709 490 873 566 astricto,⁰
898 492 1020 556 suadet
1041 481 1258 577 Polydamas,
1281 502 1382 573 noctu
1474 574 1480 583 Ι

297 587 474 659 exercitum
489 590 531 652 ad
553 595 683 672 portam
703 589 836 653 Scaeam
852 598 889 654 nt
903 592 1084 672 adducam,
1099 596 1159 659 ubi
1173 574 1382 662 extrinsecus

296 699 398 774 capnt
413 693 490 774 equi
508 692 633 776 pictum
648 699 728 766 est,¹’
749 692 798 755 ibi
811 693 971 774 praesidia
984 694 1106 760 habere
1121 707 1221 763 noctu
1234 696 1383 765 Anteno-

229 790 237 799 ’
294 812 363 857 rem
375 812 451 857 curn
465 791 623 868 Anchise,
635 792 868 874 exercitusque
883 800 987 858 noctu
1006 801 1136 879 portam
1155 807 1382 876 reseraturus

294 895 411 977 eisque
425 895 535 958 lamen
551 894 749 976 prolaturos.
791 890 836 956 Id
851 893 979 974 siguum
995 897 1181 977 eruptionis
1193 896 1273 977 sore,
1288 900 1382 983 quod

294 996 343 1060 ibi
358 996 603 1079 praestoforent
617 996 673 1077 qui
696 992 741 1056 ad
765 995 888 1076 regiam
915 1014 973 1058 eos
997 996 1130 1062 ducant.
1174 999 1254 1081 [AL]
1276 998 1386 1065 Post»

294 1110 395 1180 qnam
411 1104 530 1181 pacta⁹
542 1095 739 1160 confirmata
752 1101 843 1170 sunt,
859 1093 1062 1178 Polydamas
1076 1099 1111 1160 in
1124 1098 1287 1180 oppidum
1301 1101 1380 1164 red·

293 1197 346 1273 it,¹
377 1198 466 1262 facta
490 1193 668 1272 renuntiat,
694 1195 776 1258 dicit
797 1193 960 1259 Antenori
983 1204 1017 1262 et
1040 1199 1171 1274 AEueae,
1193 1200 1381 1282 ceterisque

293 1296 489 1379 quibuscum
501 1302 611 1362 actum
623 1304 708 1372 erat,
724 1301 762 1361 nt
785 1314 865 1360 snos
889 1316 1003 1362 omnes
1027 1299 1070 1362 ad
1093 1299 1225 1363 Scaeam
1249 1304 1380 1381 portam

292 1397 472 1473 adducant,
487 1404 591 1460 noctu
606 1398 737 1462 Scaeam
751 1405 882 1480 portam
897 1399 1061 1479 aperiant,
1074 1400 1183 1463 lumen
1194 1398 1378 1475 ostendant,

291 1498 471 1562 exercitum
486 1498 710 1585 introducant.
752 1498 903 1561 Antenor
918 1502 952 1560 et
965 1498 1093 1562 AEneas
1113 1503 1215 1563 noctu
1240 1498 1283 1562 ad
1298 1500 1375 1584 por-

291 1605 359 1663 tam
385 1606 510 1681 proesto
531 1598 671 1674 fuerunt,
687 1597 944 1679 Neoptolemum
968 1604 1201 1681 susceperunt,
1215 1599 1380 1671 exercitui

290 1706 417 1782 portam
431 1706 667 1775 reseraverunt,
689 1700 802 1762 lumen
824 1696 1048 1776 ostenderunt,
1074 1699 1163 1779 sagae
1184 1698 1378 1780 praesidinm

291 1802 356 1864 sibi
371 1808 405 1865 et
419 1800 490 1864 anis
503 1800 656 1864 omuibus
671 1806 708 1864 ut
722 1803 810 1864 esset
824 1797 1087 1879 postulaverunt.
1131 1798 1380 1881 Neoptolemus

189 1914 196 1929 ·
290 1900 505 1985 irruptionem
526 1900 618 1978 lacit,
641 1900 809 1982 Trojanos
824 1898 939 1975 caedit,
961 1901 1174 1982 persequitur
1197 1899 1377 1975 Priamum,

291 2021 387 2083 quern
411 2009 487 2064 ante
513 2019 604 2064 aram
628 1998 752 2064 soris*
778 1999 963 2062 obtruncat.
1007 1997 1165 2074 Hecuba,
1190 1996 1271 2060 dum
1295 1996 1381 2078 fugit

290 2094 367 2166 cum
396 2101 583 2185 Polyxena,
611 2101 730 2175 AEnerc
759 2100 916 2176 occurrit,
941 2097 1154 2181 Polyxenam
1178 2097 1210 2161 ei
1232 2097 1379 2173 tradidit,

290 2221 390 2282 quam
405 2203 534 2265 AEneae
555 2201 597 2265 ad
620 2207 748 2285 patrem
761 2198 945 2263 Anchisem
964 2197 1150 2263 abscondit
1193 2197 1379 2262 Androma-

290 2301 355 2363 cha
368 2307 401 2364 et
416 2300 607 2364 Cassandra
631 2302 665 2363 in
681 2299 754 2364 aede
777 2298 965 2364 Minervae·
988 2317 1025 2362 se
1050 2305 1177 2380 tegunt.
1219 2297 1310 2361 Tota
1320 2297 1380 2362 die

204 2426 206 2432 ·
289 2404 322 2462 et
342 2407 442 2462 nocte
467 2398 583 2480 Argivi
607 2419 674 2462 non
698 2407 832 2463 cessant
856 2405 999 2475 vastare,
1023 2398 1170 2481 praedam
1190 2400 1375 2479 asportare.

289 2498 371 2581 [42]
393 2498 576 2581 Postquam
592 2498 664 2563 dies
685 2499 809 2576 illuxit,
833 2498 1061 2581 Agamemnon
1085 2515 1196 2561 omnes
1215 2495 1317 2559 duces
1339 2494 1374 2558 iu

290 2616 398 2663 arcem
409 2599 570 2665 Minervae
584 2604 771 2665 convocat:
788 2600 865 2664 Diis
880 2600 1001 2679 gratias
1012 2598 1093 2678 agit,
1108 2596 1293 2660 exercitum
1306 2596 1376 2660 col·

289 2699 415 2777 laudat,
437 2719 568 2764 omnem
591 2701 738 2785 paredum
759 2698 858 2783 jubet
879 2700 914 2761 in
937 2697 1083 2761 medinm
1102 2696 1230 2760 afferri:
1250 2715 1324 2761 cam
1339 2714 1376 2759 se

319 2971 423 3024 llFaetu
434 2975 573 3039 velpa-1
593 2978 675 3027 Rediit
687 2974 829 3040 Delplr.-‘
847 2974 982 3023 Concordia
999 2970 1094 3035 Delplr.
1114 2969 1198 3033 Supra
1214 2983 1256 3033 ep·
1272 2968 1370 3032 Dictyn

290 3048 317 3085 v.
329 3040 369 3086 12.
380 3037 448 3104 fugit
462 3041 623 3090 ‘Cassandra
633 3042 660 3090 in
672 3040 753 3089 aedem
764 3036 908 3090 Minervae!

779 3230 803 3279 N
807 3226 885 3277 01·AE

288 3336 351 3385 bant
362 3354 367 3381 z
392 3340 465 3401 cnjm
482 3341 519 3390 rei
530 3342 610 3392 multe
621 3349 674 3392 tem
684 3356 717 3392 ex
729 3341 809 3391 rearis
849 3347 924 3389 tenor
934 3339 1047 3403 aperuit,
1056 3351 1148 3403 equam
1159 3335 1249 3386 hebuit
1261 3335 1375 3400 pictum!

288 3418 363 3474 quam
390 3426 423 3459 ex
449 3414 561 3476 prolenis
584 3417 666 3468 literia
689 3417 810 3480 exempla
849 3416 900 3467 Sed
914 3414 972 3464 ride
984 3415 1058 3479 plora
1069 3412 1138 3477 apud
1149 3412 1257 3475 Dictys,
1270 3424 1312 3461 vr.

287 3498 422 3548 congeras.
880 3501 894 3535 a
912 3493 1083 3554 &arcumque
1099 3495 1170 3538 ecda
1181 3494 1274 3551 ponere
1285 3503 1375 3539 reme·

318 3564 331 3590 ⁰
349 3558 538 3621 Etjereiereade
549 3564 659 3629 astricto]
676 3566 758 3615 Pecto
769 3579 808 3614 es-
848 3569 927 3631 erm]
950 3563 1375 3626 Melimomnino,‘exercituique‚

289 3632 364 3684 triete
375 3634 553 3701 jurejurando,
563 3637 589 3685 id
606 3646 656 3702 eat,
666 3652 713 3704 per
724 3639 808 3703 jorjo·
849 3635 1316 3704 (rel‘exercituque,')Antenoremet
1324 3637 1375 3685 An·

286 3708 401 3759 nudum.
720 3710 724 3721 '
849 3718 1034 3766 elrlremnoctn
1046 3720 1314 3778 retenturoepcrtenr
1330 3728 1375 3763 ex-

318 3790 332 3826 Ρ
351 3783 397 3834 Uli
414 3785 558 3837 munem
574 3790 706 3852 cupateuet
722 3790 810 3854 pletum
849 3788 961 3848 eicient:
977 3787 1127 3837 uraeeomm
1142 3788 1249 3837 seilicet.
1282 3789 1374 3853 Neque

285 3860 332 3925 ert]
349 3858 438 3910 innuit
451 3862 510 3925 eqni
524 3863 602 3925 lignei
616 3861 711 3912 fabulae
725 3866 809 3915 locum
849 3865 916 3915 enim
931 3861 1026 3913 dixiere
1042 3862 1126 3925 potnit
1138 3862 1233 3926 Daret,
1244 3862 1374 3911 exercitur

285 3936 389 3985 dedisse
404 3942 484 3997 ceput
499 3934 626 3998 equinum,
644 3936 711 3998 qnod
726 3947 808 4002 porte
849 3939 971 4002 Trojanos
984 3942 1084 4000 portem
1094 3944 1261 3994 reseraturus,
1270 3942 1375 3985 cumto-

284 4010 374 4073 Saea,
393 4023 467 4075 qnam
487 4008 589 4058 Graecia
610 4007 728 4058 Antenor
747 4026 809 4075 epe·
849 4018 904 4063 tuin
918 4010 1061 4060 exercitum
1078 4008 1194 4060 Antenor
1207 4009 1336 4059 etAEneae
1348 4010 1373 4057 ln

285 4086 348 4144 ruit,
378 4084 530 4148 iueeriptnm
554 4081 613 4134 luit.
648 4082 750 4147 Nempe
775 4100 809 4135 ex
848 4100 906 4138 enee
919 4090 1007 4148 parter
1018 4098 1068 4133 non
1079 4086 1225 4134 treatment.

285 4158 373 4209 Servio
383 4174 390 4225 ς
401 4159 456 4209 ‘Ut
465 4159 519 4224 elli,
530 4165 614 4224 porte,
623 4172 698 4225 quarn
707 4159 744 4209 eia
754 4161 808 4211 An·
879 4168 891 4194 ²
904 4160 968 4212 eeu
978 4174 1045 4210 m
1053 4157 1134 4221 derio]
1151 4159 1218 4209 Vide
1229 4157 1335 4219 metra,
1344 4169 1370 4206 v.
