3200 4972
526 817 1050 961 APPENDIX.

396 1350 766 1445 subruens
816 1353 1176 1448 ARTOPOEI

512 1526 516 1533 ⁸
636 1590 919 1669 PRAEFATIO

357 1813 400 1872 IN
431 1810 706 1872 ARGENTINAM
733 1810 967 1872 EDITIONEM
995 1808 1098 1871 ANNI
1121 1811 1208 1870 1691.

237 2253 404 2342 Drorrrr
421 2276 654 2342 cunrnrsnrr
671 2276 868 2342 exhibemus
893 2278 969 2356 tibi,
992 2278 1118 2344 lector
1142 2275 1349 2353 Benevole-

234 2396 324 2441 uove
337 2384 428 2443 veste
443 2379 713 2456 condecoratam,
723 2378 890 2463 talemque
899 2398 1046 2463 prorsus,
1058 2378 1170 2463 quetis
1181 2396 1227 2443 ex
1235 2376 1326 2442 Scri·

232 2480 299 2543 niis
321 2478 458 2544 illustris
472 2481 547 2559 viri,
562 2479 703 2545 Uneror
726 2478 940 2560 Onunceur,
959 2482 1052 2565 opud
1066 2480 1325 2564 Argentoraten-

233 2601 289 2646 ses
312 2580 473 2647 Proetoris
497 2580 609 2664 Regii,
622 2580 754 2666 prodire
777 2580 910 2661 debuit3
942 2601 1009 2648 non
1024 2566 1325 2664 dubitantesque

232 2683 321 2746 nitro
336 2683 397 2747 tibi
417 2702 490 2749 sese
512 2685 694 2768 probatura
708 2684 756 2749 sit
773 2682 847 2750 baeo
867 2683 982 2749 editio.
1027 2682 1112 2750 Cum
1126 2684 1216 2750 enim
1229 2682 1322 2747 Auo·

231 2790 285 2847 tor
297 2783 352 2848 bic
366 2782 509 2870 plurimo
523 2786 567 2851 sit
583 2805 706 2870 pessus
718 2805 739 2850 n
753 2784 962 2852 librariorum
976 2805 1085 2864 mauu,
1094 2802 1234 2868 qnorum
1244 2801 1322 2867 per·

230 2886 290 2949 tim
311 2887 442 2952 incuria
463 2886 557 2952 illum
579 2894 785 2971 corruperat,
799 2888 921 2971 pertim
942 2888 1091 2965 inscitia,
1106 2905 1174 2952 non
1188 2884 1322 2968 eapien-

229 2986 312 3050 tium
333 2987 414 3072 styli
430 3006 451 3051 e
465 3007 528 3053 sno
539 2989 669 3054 saeculo
690 2987 895 3053 abhorrentis
914 2989 1084 3070 antiquam
1105 2987 1319 3069 gravitatem

229 3087 353 3154 suetum
368 3089 520 3169 indonet,
535 3099 574 3156 nt
588 3098 624 3155 et
637 3088 895 3155 existimationis
913 3087 978 3171 ipsi
999 3087 1122 3152 debitio
1140 3086 1321 3169 plurimum

230 3190 404 3268 emitteret,
418 3199 454 3255 et
468 3211 651 3275 paucorum
666 3190 845 3257 admodum
863 3189 1019 3255 manibus
1038 3192 1204 3254 tereretur.
1250 3186 1320 3251 Ne·

230 3306 295 3371 que
318 3309 397 3354 uero
422 3290 490 3355 illis
514 3293 633 3371 solum,
655 3292 714 3358 sed
733 3299 767 3358 et
790 3290 927 3357 criticis
949 3310 1015 3357 non
1037 3307 1155 3374 perum
1177 3291 1229 3352 eet
1247 3306 1320 3354 sote

231 3389 329 3455 sortis
343 3389 435 3473 quod
459 3392 608 3475 imputet,
630 3394 690 3477 qni
711 3413 790 3460 oum
813 3392 945 3458 Msstos
971 3391 1116 3459 Codices
1137 3390 1316 3456 dissentire

227 3488 310 3554 inter
323 3508 360 3555 se
377 3491 666 3575 deprehenderent,
681 3513 774 3578 srepe
788 3495 950 3562 veriorem
969 3495 1146 3561 lectionem
1159 3491 1210 3558 illi
1224 3497 1319 3577 post·

227 3600 420 3673 posuerunt,
434 3612 534 3678 quem
555 3594 655 3677 genio
679 3597 809 3674 sensuli,
829 3617 899 3682 qno
919 3595 964 3676 Q.
985 3595 1169 3682 Septimius
1191 3594 1318 3679 Dictyn

225 3691 686 3777 interpretetusessedieitur,
697 3698 993 3763 convenientiorem
999 3697 1210 3783 judicabunt.
1235 3694 1315 3775 Quo

224 3793 331 3876 magis
344 3794 395 3859 rili
410 3796 593 3879 opmndum
604 3801 687 3875 erat,
696 3797 904 3864 ntinveniret
915 3798 1094 3864 Petronum
1109 3798 1255 3882 aliquem
1268 3813 1316 3862 ex

223 3893 362 3978 reipubl.
376 3896 532 3963 literariue
544 3898 759 3977 Proceribus,
774 3900 835 3983 qui
846 3900 1037 3967 reformaret
1049 3901 1204 3967 habitum
1219 3916 1316 3964 ornn-

222 3999 359 4082 tumque
373 3998 459 4082 ejus,
473 4005 508 4065 et
522 4001 565 4065 ab
577 4001 644 4069 hou
658 4003 815 4085 neglectu
828 4002 1030 4070 uindicatum
1051 4003 1190 4088 pristino
1211 3999 1314 4064 nitori

222 4097 441 4185 dignitatique
460 4102 655 4170 restitueret.
700 4101 803 4181 Quod
830 4104 964 4187 quidem
982 4105 1032 4169 ilii
1053 4102 1206 4186 contigit,
1220 4105 1315 4184 post·

222 4217 323 4281 quem
345 4201 408 4267 viri
431 4201 528 4268 istius
544 4206 676 4283 summi,
698 4222 787 4270 nuno
805 4204 1054 4272 sublimioribus
1070 4203 1193 4270 admoti
1208 4203 1312 4271 curis,
