3200 4972
296 332 363 399 320
674 342 837 392 ornu‘rrs
861 342 1018 392 runrsrr

299 492 401 554 noctu
430 485 529 567 legati
559 483 703 547 radunt:
735 481 882 547 occurrit
901 482 970 546 illis
999 482 1132 547 Dolon¹
1155 503 1198 547 ex
1222 484 1389 568 Troianis.

300 589 368 666 Qui
384 604 460 651 eum
475 585 765 667 interrogarentur,
781 581 862 665 qnid
875 582 923 646 ita
933 584 1047 646 armati
1059 589 1161 648 noctu
1174 584 1217 647 ad
1230 588 1393 668 oppidum

299 686 487 764 uenissent3
509 683 664 750 dixerunt
686 701 724 745 se
750 682 793 745 ab
816 679 1066 764 Agamemnone
1087 683 1220 765 lagatos
1236 686 1280 749 ad
1297 687 1390 752 Pria·

298 804 388 851 mum
411 785 546 849 missos.
589 783 687 862 Quos
709 788 747 845 ut
765 781 920 845 Priamus
937 782 1067 846 audivit
1082 785 1226 862 venisse,
1249 793 1284 852 et
1306 788 1392 853 (lesi-

298 885 425 950 derium
439 906 535 950 suum
549 885 764 966 exposuisse,
776 882 810 946 in
826 883 1002 945 consilium
1019 903 1134 949 omues
1150 884 1255 951 duces
1269 908 1391 954 convo-

299 995 364 1055 cat.
409 986 543 1066 Quibus
571 987 669 1050 refert
693 985 821 1064 legatos
848 984 979 1047 venisse
1009 987 1053 1049 ab
1071 983 1338 1067 ⁴Agamemnone,
1358 995 1392 1054 et

299 1088 450 1155 inducias
468 1087 512 1150 ad
526 1087 700 1151 triennium
716 1092 842 1166 petere.
887 1084 1029 1149 Hectori
1042 1097 1236 1169 suspectum
1251 1090 1392 1168 videtur,

299 1189 392 1269 quod
418 1194 485 1251 tarn
508 1187 640 1268 longum
664 1193 797 1267 tempus
819 1184 1058 1265 postulassent
1105 1186 1259 1250 Priamus
1281 1189 1396 1253 dicere.

298 1290 448 1370 imporat,
463 1286 545 1369 qnid
570 1288 693 1369 cuique
717 1284 883 1350 videatur:
906 1287 1060 1350 omnibus
1081 1286 1241 1367 placitum
1262 1294 1324 1363 est,
1340 1289 1390 1351 in-

300 1388 417 1452 ducias
432 1389 466 1450 io
479 1389 655 1451 triennium
669 1386 754 1451 dari.
782 1385 921 1450 Interim
936 1385 1074 1469 Trojaui
1088 1389 1208 1450 moenia
1218 1396 1390 1467 renovant,

301 1507 381 1565 suos
395 1489 530 1553 saucios
555 1496 687 1563 curant,
709 1507 785 1550 cum
807 1488 935 1567 ingenti
951 1486 1075 1550 honore
1089 1506 1169 1551 suos
1184 1489 1326 1570 quisque
1340 1488 1390 1551 ln·

301 1595 405 1653 uerat.
448 1587 533 1671 [23]
555 1588 705 1671 Tempus
730 1607 850 1671 pugnae
882 1587 1074 1669 supervenit
1099 1597 1176 1671 post
1201 1589 1390 1652 triennium.

302 1688 433 1753 Hector
447 1695 481 1753 et
493 1688 628 1753 Troilus
643 1688 828 1753 exercitum
844 1688 991 1752 educunt
1004 1708 1080 1752 oum
1096 1689 1213 1752 AEnen.
1265 1691 1391 1753 Contra

303 1789 543 1872 Agamemnon,
567 1789 755 1865 Menelaus,
777 1788 937 1864 Achilles,
958 1796 992 1854 et
1011 1789 1189 1854 Diomedes
1204 1797 1390 1854 occurrunt

304 1891 362 1955 Fit
376 1910 495 1974 magna
510 1891 631 1956 caedas.
676 1892 807 1955 Hector
829 1892 862 1952 in
885 1892 992 1973 prima
1014 1891 1088 1954 acie
1103 1891 1206 1954 duces
1222 1891 1392 1955 validissi-

303 2013 378 2057 mos
394 1992 560 2068 interficit,
584 1990 798 2074 Phidippum,
818 1990 1024 2072 Antiplrum,y
1045 1997 1080 2053 et
1096 1989 1302 2055 Marionem.⁸
1345 1991 1394 2056 A·

304 2094 422 2158 chilles
452 2093 669 2176 Lycaonem,⁸
699 2089 1000 2176 liuplrorbumquel
1028 2091 1166 2155 occidit.
1210 2092 1264 2155 Ex
1285 2099 1395 2156 cetera

304 2195 405 2276 plebe
417 2196 522 2258 multu
534 2194 638 2259 millia
648 2193 817 2256 hominum
831 2211 875 2255 ex
889 2198 1028 2273 utraque
1044 2200 1140 2274 parte
1152 2193 1296 2257 cadunt:
1313 2211 1394 2274 pug-

304 2302 406 2356 natur
431 2294 549 2356 aeriter
570 2294 736 2356 continuis
757 2293 876 2355 diebus
899 2293 1043 2372 triginta
1088 2293 1244 2356 Priamus
1261 2301 1296 2356 ut
1312 2292 1394 2355 vidit

304 2391 411 2453 multa
439 2392 544 2454 millia
571 2393 743 2455 hominum
766 2393 809 2455 de
833 2411 895 2455 suo
921 2395 1069 2456 exercitu
1093 2394 1267 2466 cecidisse,
1293 2391 1394 2453 mittit

304 2491 433 2568 legatos
448 2489 491 2552 ad
505 2489 811 2572 Agamemnonem,⁰
833 2499 871 2555 ut
895 2491 1048 2556 inducias
1063 2498 1210 2573 peterent
1224 2490 1392 2553 mensibus

305 2607 377 2653 sex.
422 2587 467 2650 Et
486 2607 529 2651 ex
544 2590 678 2653 consilii
696 2592 866 2655 sententia
885 2589 1114 2672 Agamemnon
1137 2589 1286 2655 concedit
1298 2588 1393 2652 indu-

306 2690 388 2756 cias.
432 2688 581 2770 Tempus
605 2686 730 2772 puguae'
749 2692 965 2773 supervenit:
994 2693 1114 2756 acriter
1138 2711 1196 2774 per
1218 2690 1393 2755 duodecim

798 2902 906 2953 NOTAE

330 3021 343 3046 ¹
363 3013 701 3078 UlsaaeaetDioraetlsssrsela
708 3017 831 3077 legalius·
903 3014 1136 3081 bliupila-turrique]
1160 3014 1212 3064 Sed
1229 3029 1286 3064 euni
1298 3016 1395 3066 Homa-

306 3089 559 3139 sustentamentis
572 3089 663 3153 Datos]
689 3090 831 3140 Historiam
871 3105 942 3140 rusa
955 3092 1076 3140 Menelao
1093 3088 1256 3141 interiectum
1271 3090 1343 3147 (licit,
1360 3092 1393 3142 11.

307 3162 409 3227 Ulyssis
420 3174 447 3213 et
458 3163 590 3214 Diomedis
601 3164 770 3215 lrielmrnntst
780 3168 831 3215 Da·
871 3175 896 3218 t’·
915 3170 984 3218 eirea
1002 3167 1114 3217 eadam
1131 3168 1254 3217 Patrocli·
1275 3166 1354 3228 τόφρα
1369 3166 1397 3215 δέ

307 3254 358 3290 res.
393 3240 436 3290 llli
452 3240 520 3290 enirn
532 3247 609 3290 noctu
621 3239 653 3289 ad
663 3241 831 3303 Trojanorunr
871 3262 909 3293 τοι
919 3241 1134 3307 neriam,tpites
1142 3241 1396 3305 ’Asplossltanm-

308 3323 394 3363 eastra
416 3317 591 3377 speculatores
610 3315 679 3364 misai
705 3315 832 3365 Dolonem
871 3320 1128 3383 agnationum
1141 3319 1186 3368 uir
1195 3318 1397 3388 Ιριᾳονΰπεφνι,

307 3398 477 3451 exasperant,
492 3389 537 3451 qai
553 3404 570 3437 a
584 3390 700 3453 Trojanis
717 3392 833 3453 specula·
872 3396 1004 3456 nassettss
1020 3396 1150 3460 Εὔφορβον.
1170 3396 1294 3444 ‘leterius
1312 3404 1396 3444 saitem

308 3466 350 3507 ¹⁰⁸
376 3461 453 3508 ‘illm
477 3463 637 3514 mittebatur.
671 3463 736 3513 Vide
763 3465 833 3528 apud
873 3473 1007 3523 Menelaus
1023 3473 1157 3522 bellicosus
1171 3471 1245 3519 Atrei
1260 3470 1397 3531 nituere·

308 3533 415 3595 Βῑθῖῖὓ·
873 3549 982 3601 merum
999 3546 1151 3606 defendens,
1161 3545 1330 3608 Trojauorunr
1347 3542 1399 3591 for·

340 3607 521 3670 ’Pfflll'm
541 3611 685 3679 lupun]
711 3616 762 3665 an
780 3616 834 3666 llo·
873 3620 1399 3682 tissimumocridit,PauthoidenEuphor·

308 3693 393 3729 merus
405 3680 557 3732 interfectos
567 3684 647 3739 fuisse
659 3704 709 3740 non
721 3690 808 3741 uadit,
874 3694 953 3745 mg

339 3764 351 3788 ⁸
367 3757 401 3805 Et
413 3757 556 3822 Merionen]
571 3762 623 3811 Sed
637 3765 692 3828 jans
709 3780 798 3829 supra,
809 3782 835 3831 p.
906 3778 917 3804 θ
933 3770 1014 3820 Mittit
1032 3769 1123 3829 legates
1138 3770 1169 3814 ed
1188 3767 1398 3830 Agamemnona]

309 3833 368 3880 111.
379 3832 387 3859 ‘
397 3829 498 3881 Hector
514 3834 659 3887 Marionem
670 3841 836 3905 persequitur
875 3845 953 3900 Nota,
965 3843 1150 3907 ineptissimum
1165 3842 1234 3893 irruis
1247 3844 1397 3906 scriptorem

310 3914 338 3955 01
348 3905 462 3956 0001ᾶὶῑῖ
874 3921 911 3971 lta
930 3920 1102 3969 narrationem
1118 3931 1189 3968 suam
1206 3918 1356 3980 instituisse,
1371 3922 1401 3965 ut

341 3980 474 4031 ‘Achillea
484 3982 627 4047 unum]
652 3985 695 4037 lta
707 3988 835 4041 Homerus
875 3996 982 4045 Gnaeos
996 4002 1024 4043 at
1043 3995 1169 4059 Teojauos
1186 4008 1234 4058 per
1249 3994 1318 4044 aleas
1327 3992 1399 4043 intlu-

309 4056 388 4179 ἒῶῠ.
424 4059 526 4122 Lyeaou
545 4067 631 4111 autem
649 4062 746 4113 Priami
766 4067 834 4119 filins
873 4070 924 4120 aias
937 4070 1181 4133 petenteainduest.
