3200 4972
281 401 347 467 nrt
659 415 825 465 uinaria
849 415 1007 465 aaaron

282 579 323 624 eo
334 568 482 639 tempore
495 575 562 638 qno
577 555 747 639 Telephus
762 557 870 622 adhuc
885 578 980 641 puer,
990 577 1012 622 a
1024 566 1121 649 patre
1136 559 1286 626 Hercule
1301 582 1378 647 pru·

282 659 419 741 genitus,
434 676 456 721 a
468 655 673 722 Teuthrante
695 675 771 738 rege
792 656 939 741 hospitio
961 667 1114 744 receptus
1131 668 1193 725 est.
1237 662 1377 730 Diome·

280 760 354 822 dem
368 756 488 832 lerunt,
509 775 588 820 curn
609 757 706 838 equis
730 758 926 838 potentibus
946 765 1120 825 venantem
1147 767 1181 824 et
1206 759 1309 827 ieris⁸
1331 766 1374 828 ab

148 868 154 877 “
282 857 432 923 Hercule
446 856 667 934 interfectum,
683 857 881 924 Teuthrauti
895 879 1030 941 regnum
1042 861 1230 926 reddidisse
1248 868 1374 929 totum:

280 958 325 1024 ob
339 959 406 1024 hoc
422 959 495 1043 ejus
509 958 616 1024 tilium
627 957 835 1042 Telephumh
848 960 881 1023 ei
896 963 1075 1043 suppetias
1088 965 1236 1028 venisse.
1270 964 1374 1043 Quod

280 1080 356 1125 curu
370 1060 536 1125 Teuthras
550 1060 760 1141 intelligeret,
776 1079 814 1123 se
837 1060 954 1123 eodem
976 1061 1114 1126 vulnere
1137 1050 1276 1129 mortem
1291 1065 1373 1130 effu·

279 1181 355 1243 gere
379 1179 447 1225 nou
470 1153 580 1244 posse,
605 1180 736 1243 reguum
764 1180 863 1224 suum
887 1162 986 1225 virus
1009 1161 1164 1245 Telepho
1178 1164 1325 1247 tradidit,
1339 1174 1375 1231 et

280 1281 355 1326 eum
376 1280 488 1343 regem
509 1262 684 1326 ordinavit.
726 1260 814 1325 Tum
828 1280 939 1343 regem
953 1261 1187 1328 Teuthrantem
1202 1263 1372 1345 Telephus

279 1361 455 1443 magnifice
468 1361 634 1444 sepelivit.
678 1362 808 1426 Suadet
828 1364 859 1427 ei
880 1360 1030 1428 Achilles
1051 1371 1088 1428 ut
1101 1382 1223 1427 uorum
1238 1380 1373 1444 regnum

151 1468 166 1513 *ι
279 1469 461 1540 conservet,
477 1462 578 1544 plus⁷
593 1463 698 1527 multo
718 1463 901 1528 exercitum
921 1463 1121 1547 adjuturum,
1137 1464 1167 1526 ai
1182 1470 1372 1528 commeatu

279 1570 333 1625 tot
346 1563 443 1627 aunis
456 1562 579 1645 quibus
601 1564 723 1626 morati
744 1563 863 1627 luerint
883 1561 927 1627 de
948 1564 1066 1628 eodem
1087 1582 1187 1645 regno
1202 1582 1261 1627 eos
1276 1563 1371 1648 adju·

279 1671 346 1741 vet,
368 1683 467 1747 quam
491 1663 521 1728 si
545 1663 589 1728 ad
611 1663 747 1747 Trojum
769 1669 833 1728 eat
877 1664 999 1747 Itaque
1018 1663 1188 1747 Telephus
1213 1670 1372 1728 remanet.

278 1764 430 1830 Achilles
446 1785 521 1830 cum
536 1773 658 1847 magna
672 1766 791 1848 praeda
805 1765 848 1829 ad
863 1767 1051 1830 exercitum
1061 1765 1223 1830 Tenedon
1235 1765 1371 1829 reverti·

279 1872 342 1929 tur.
377 1863 621 1947 Agamemnoni
634 1884 703 1929 rem
718 1871 848 1949 gestam
861 1873 988 1932 narrat:
1004 1866 1234 1949 Agamemnon
1248 1884 1371 1948 appro-

279 1968 340 2031 bat
367 1967 560 2049 laudetque.
604 1964 688 2049 [ta]
710 1965 841 2030 Interea
867 1966 974 2047 legati
1000 1967 1098 2031 missi
1125 1965 1169 2031 ad
1200 1965 1372 2030 Priamum

278 2068 435 2131 veniunt:
459 2066 602 2150 Ulysses
617 2064 882 2148 Agamemnonis
905 2068 1005 2131 verba
1029 2067 1139 2145 relert,
1163 2067 1315 2150 postulet
1336 2073 1373 2128 ut

279 2167 414 2235 Helena
435 2175 469 2232 et
490 2168 606 2251 prmda
627 2167 790 2247 reddatur,
814 2169 963 2251 satisque
985 2167 1045 2233 fiat
1067 2169 1149 2250 regi,
1170 2176 1210 2231 ut
1229 2165 1371 2250 pacifice

278 2268 461 2333 discedant
505 2269 659 2332 Priamus
682 2269 819 2352 injurias
838 2268 1107 2350 Argonautarum
1127 2273 1373 2342 commemorat,

278 2368 384 2448 patris
397 2369 573 2443 interitum,
587 2367 703 2449 Trojae
718 2369 1007 2451 expugnationem,
1018 2376 1054 2432 et
1067 2368 1233 2433 Hesionae
1249 2365 1376 2429 somris'

278 2466 484 2530 servitutem.
542 2467 696 2550 Denique
715 2466 925 2532 ‘Antenorem
955 2469 1103 2550 legatum
1130 2487 1205 2532 curu
1231 2464 1368 2540 miserit,

278 2583 381 2647 quam
396 2566 636 2631 contumeliose
650 2568 694 2630 ab
709 2567 761 2631 eis
779 2573 940 2632 tractatus
958 2570 1016 2633 sit
1056 2568 1179 2633 Pacem
1202 2564 1367 2646 repudiat,

276 2664 401 2730 bellurn
418 2665 545 2742 indicit,
561 2666 756 2732 Graecorum
770 2668 901 2749 legatos
921 2669 963 2735 de
983 2669 1106 2733 tinibus
1128 2666 1244 2751 repelli
1262 2664 1369 2749 jubet.

277 2765 395 2855 legati
410 2766 445 2829 in
460 2773 572 2831 castra¹
582 2766 741 2832 Tenedon
757 2775 973 2847 revertuntur,
996 2770 1217 2834 renuntiantes
1231 2785 1370 2848 respou-

277 2885 364 2931 sum.
407 2866 478 2931 Res
497 2870 650 2933 consultu
668 2870 802 2951 geritur.
844 2872 927 2955 [ld]
949 2869 1100 2936 Aderant
1113 2887 1193 2932 vero
1209 2869 1252 2945 ad
1269 2867 1367 2934 auxi-

275 2967 356 3032 lium
386 2967 522 3033 Priamo
550 2968 706 3036 ductores
726 2970 760 3035 hi
790 2992 864 3037 cum
890 2972 1097 3037 exercitibus
1121 2970 1203 3050 suis,
1229 2985 1368 3054 quorum

308 3269 324 3314 t
341 3264 483 3330 ln2Delph.
493 3270 517 3316 et
529 3265 651 3316 inseritur
663 3260 724 3316 aute
734 3268 795 3330 plur.

771 3440 877 3493 NOTAE

306 3558 320 3593 ⁸
328 3547 803 3618 mmsmlsmeqtitprtmti·
841 3555 946 3618 tna,qni
962 3553 1055 3604 scribit
1070 3549 1222 3601 Diomedem
1240 3549 1276 3616 ita
1289 3563 1368 3613 equor

275 3623 568 3690 Wfflfflffltistrlt]
594 3628 648 3678 llic
662 3629 801 3679 Diomedes
840 3628 1118 3690 tornamentorum
1129 3640 1175 3675 rua
1187 3626 1213 3674 lu
1224 3639 1312 3674 eorum
1323 3626 1369 3673 ali·

275 3698 801 3766 hlartlretcyreuerhtlarr‘uit,’lhraeim
841 3715 954 3756 mentum
966 3701 1144 3752 consumserit.
1178 3702 1265 3752 Quare
1277 3707 1369 3762 postea

275 3784 416 3835 remquam
429 3772 514 3835 potia
529 3773 637 3827 t'ahnlati
653 3786 802 3843 runtequar
841 3783 897 3845 ejus
916 3779 992 3829 amici
1018 3790 1097 3841 equor
1120 3777 1177 3824 illos
1198 3774 1368 3823 homioiroroa

273 3846 391 3897 habaima
404 3847 523 3897 camlhur
534 3850 648 3900 tramanir
660 3861 801 3906 vescentes.
841 3857 1018 3920 rppettamnt;
1036 3850 1106 3901 nuda
1117 3858 1174 3899 ortu
1185 3848 1283 3898 fabula.
1315 3849 1368 3898 Alii

273 3922 350 3972 lttnrn
367 3921 494 3971 Hercules
511 3923 653 3974 interfecit.
686 3928 801 3978 Viden·
840 3931 918 3979 etiam
929 3941 985 3976 eam
996 3924 1099 3974 aliunde
1109 3930 1195 3973 uatum
1204 3921 1303 3972 dieunt.

274 3997 574 4061 pultadumrnetllygin.
591 3999 800 4066 Pabulamequa·
871 4002 884 4036 *
904 4003 961 4064 Ejus
970 4000 1053 4065 fllium
1070 3999 1196 4062 Tarpam
1210 3997 1234 4045 ai
1250 3999 1369 4060 mppetim

275 4087 330 4122 rum
353 4072 467 4123 historia
489 4073 682 4123 accommodare
708 4076 802 4129 nltitnr
839 4079 940 4143 mix]
966 4075 1067 4140 ‘Ejur,'
1090 4076 1116 4124 id
1139 4081 1189 4132 ert,
1209 4072 1369 4127 ‘Herculia'

274 4147 434 4207 Dircaeum
452 4148 497 4208 ult,
510 4161 589 4211 equas
605 4148 662 4198 illan
679 4155 800 4212 potenter
839 4152 898 4216 ‘ci,'
911 4152 937 4202 id
949 4148 1196 4213 ert,⁸'l¹euthrruti.'

275 4231 301 4272 et
314 4221 381 4272 teras
393 4221 481 4274 fairra.
514 4222 566 4273 Sed
578 4223 653 4275 aliter
664 4223 799 4292 Palaepha-
