3010 4978
305 379 327 442 4
755 386 948 435 aristone.

304 534 389 599 infra
403 541 436 600 te
458 532 604 615 positum
619 526 752 611 premis,
766 527 895 610 quippe
911 525 1000 590 omni
1013 525 1262 610 disciplinarum
1279 546 1395 609 genere
1411 524 1419 539 '

305 635 494 708 instructus,
505 632 547 697 ad
563 631 664 696 altam
680 628 919 711 sapientissimi
932 627 1168 710 Lodoieiregis
1183 627 1395 711 prudentiam

302 735 376 818 jam
391 736 533 818 aspiras.
577 729 715 795 Fuerint
737 729 787 792 illi
812 729 944 813 quidem
967 728 1124 792 hacteuus
1138 736 1220 812 post
1246 749 1284 793 se
1305 730 1397 793 uatis

307 835 494 899 hominibus
509 828 704 896 imitandum
718 829 914 913 exemplar:
935 848 1048 893 eorum
1059 831 1132 913 jam
1144 831 1247 894 rioem
1258 836 1398 914 praesta·

308 937 361 1000 bit
381 934 623 999 invictissimus
645 931 704 996 ille
724 948 847 1014 parens
861 937 952 1008 tuus,
974 950 1084 1013 quem,
1099 938 1138 996 ut
1158 951 1256 1008 nuno,
1270 936 1303 996 et
1317 931 1398 995 olim

309 1037 478 1101 bominum
504 1048 606 1118 genua
628 1031 726 1116 quasi
751 1029 876 1094 Dirum
896 1032 1116 1108 venerabitur,
1136 1033 1266 1114 sibique
1288 1031 1399 1095 solum

309 1137 502 1203 imitandum
518 1141 691 1220 proponet.
745 1130 923 1214 Adeoque,
939 1131 1029 1215 quod
1041 1131 1082 1195 de
1101 1132 1242 1215 imagine
1256 1132 1399 1216 quadam

309 1236 451 1303 Veneris
464 1238 543 1302 olim
558 1235 685 1300 dietum
701 1240 764 1310 est,
778 1252 822 1296 ex
836 1252 878 1297 ea
892 1230 996 1297 fuisse
1008 1232 1050 1296 de
1062 1234 1243 1317 puellarum
1257 1232 1401 1317 pulchri·

309 1339 420 1404 tudine
428 1338 627 1423 judicatum,
642 1343 680 1400 ut
695 1354 772 1418 quae
788 1334 924 1417 imagini
940 1335 1080 1399 similior
1101 1341 1202 1412 esset,
1215 1353 1256 1400 ea
1277 1331 1401 1398 formo·

311 1440 447 1504 sissima
467 1439 644 1515 diceretur,
659 1437 701 1501 de
715 1436 812 1501 ‘almo
834 1440 892 1500 tuo
909 1444 1045 1519 parente
1060 1436 1142 1501 illud
1157 1435 1271 1519 utique
1286 1453 1401 1499 rerum

311 1541 385 1617 erit,
399 1539 442 1605 ad
458 1539 555 1622 cujus
578 1539 727 1621 ingentia
749 1538 840 1603 iacta
865 1558 933 1621 quo
954 1540 1092 1623 propius
1106 1539 1197 1604 beati
1211 1537 1329 1602 herotis
1344 1556 1403 1600 ae·

311 1640 485 1715 cesserint,
502 1659 542 1703 eo
568 1640 712 1722 amplius
735 1657 772 1702 se
798 1640 833 1702 in
850 1639 997 1704 heroicis
1021 1640 1199 1705 virtutibus
1216 1638 1418 1722 profecisse.

313 1741 565 1805 arbitrabuntur.
608 1738 728 1821 Perge,
753 1739 863 1822 igitur,
898 1740 1102 1804 Dnururun
1128 1739 1403 1812 Sunnurssrun,

312 1859 422 1923 perge,
443 1847 482 1903 ut
503 1839 600 1916 facis,
623 1838 773 1920 vestigiis
793 1839 866 1923 ejus
880 1842 1047 1919 insistere,
1069 1841 1176 1904 donee
1196 1839 1313 1903 diviua
1342 1836 1403 1901 illa

313 1942 486 2025 sapientia,
497 1959 574 2024 quae
590 1939 686 2003 illum
701 1940 851 2017 irradiat,
863 1939 1005 2014 afflatus,
1019 1941 1157 2006 itanum
1171 1958 1212 2007 eo
1227 1939 1407 2021 refulgeas.

315 2042 437 2127 Neque
452 2043 538 2107 enirn
554 2041 645 2105 alind
662 2042 723 2106 tibi
738 2061 760 2106 a
775 2042 849 2108 Deo
861 2041 999 2126 Optimo
1011 2040 1163 2106 Maximo
1175 2048 1227 2105 est
1241 2045 1406 2121 expeten-

314 2144 406 2223 dum,
422 2146 478 2229 qui
494 2144 555 2209 tibi
580 2145 708 2227 reliqua
736 2145 850 2209 omnia
871 2145 1017 2224 benigna
1039 2163 1138 2207 mann
1159 2142 1302 2223 largitus
1329 2147 1403 2206 est:

312 2246 518 2309 nobilitatem
535 2265 614 2325 qua,
630 2247 659 2308 si
676 2245 719 2308 ab
734 2245 852 2309 ultima
867 2251 1034 2328 repetatur
1049 2245 1185 2325 origine,
1202 2262 1243 2305 ne
1258 2242 1293 2304 in
1307 2242 1404 2306 iabu-

221 2414 226 2423 ,
314 2345 358 2407 lis
392 2343 522 2427 quidem
551 2344 690 2406 inveniri
717 2343 829 2423 possit
857 2346 1037 2426 antiquior:
1076 2343 1215 2407 formam
1252 2346 1404 2427 corporis

315 2443 491 2524 egregiam,
506 2447 540 2504 et
553 2460 653 2521 regno
669 2442 723 2503 cui
735 2449 836 2504 uatus
851 2459 888 2505 es
905 2440 1036 2522 dignam
1051 2461 1059 2505 :
1084 2442 1260 2523 ingenium,
1275 2444 1318 2508 ad
1333 2463 1406 2508 om·

315 2544 405 2606 nium
421 2543 480 2625 qui
508 2550 539 2606 te
566 2541 689 2606 adeunt
709 2538 984 2608 admirationem:
1007 2544 1204 2626 praeclaram
1231 2553 1264 2609 et
1286 2545 1405 2610 laetam

314 2642 483 2721 indolem3
504 2643 659 2725 pietatem
684 2641 827 2725 denique
848 2643 1006 2724 singulari
1033 2643 1219 2709 eruditione
1244 2644 1409 2729 conjunc-

316 2750 403 2808 tum:
420 2764 496 2826 quae
512 2763 588 2809 eum
608 2743 686 2807 olim
711 2746 840 2809 eoelesti
862 2744 920 2809 illa
944 2745 1108 2828 sapientia
1121 2747 1222 2829 quasi
1234 2746 1409 2811 cumulata

315 2844 444 2922 inerint,
461 2853 530 2910 turn
553 2852 640 2910 certe
663 2846 912 2930 sapientissimo
936 2854 994 2911 tno
1019 2848 1145 2930 parenti
1163 2847 1235 2931 jam
1258 2848 1410 2932 propior,

317 2951 385 3009 tum
404 2967 504 3029 super
519 2946 605 3012 alios
619 2966 713 3030 reges
727 2948 888 3025 eveheris,
904 2967 1003 3031 quam
1018 2965 1106 3011 nune
1121 2946 1287 3030 reliquum
1310 2966 1411 3011 omno

317 3049 455 3113 mortale
470 3070 575 3131 genus
591 3050 825 3133 superemines.
868 3049 935 3114 Sed
948 3050 1156 3113 invenustum
1166 3057 1219 3115 est
1232 3055 1265 3115 te
1279 3048 1412 3114 diutius

318 3152 452 3228 morari,
468 3151 670 3216 Dubiumne
686 3151 955 3226 sonnmssmn,
967 3151 1022 3213 eui

403 3250 427 3316 J
429 3270 483 3314 am
500 3246 590 3315 redit
605 3270 647 3315 eu
662 3251 848 3335 virgo‚jam
864 3252 989 3316 dieetnr
1005 3251 1222 3335 Hymenaeus,

405 3351 551 3433 Hymen,
566 3370 587 3415 o
606 3351 801 3435 Hymenaee,
819 3352 955 3436 Hymen
974 3351 1065 3430 ades,
1081 3373 1103 3418 o
1119 3353 1322 3436 Hymenaee.

406 3451 523 3516 Laetus
539 3452 639 3517 ades!

318 3553 407 3621 Vale
421 3546 531 3637 igitur,
544 3553 747 3618 Debemus
757 3555 1028 3632 Suauatsstus,
1042 3562 1146 3639 tuque
1162 3555 1252 3619 alma
1266 3554 1412 3621 victoria

321 3655 567 3720 Sunnnrssrm
597 3655 798 3720 Drerumr.
826 3653 1051 3719 Sanctissima
1079 3653 1216 3735 conjux.
1273 3651 1413 3731 Valete,

321 3776 398 3821 meu
422 3756 600 3840 praesentia
611 3755 763 3834 numina,
772 3775 889 3840 meque
909 3772 1082 3835 meumque
1096 3751 1182 3816 hunc
1196 3753 1343 3819 laborem
1358 3756 1414 3821 la-

322 3864 435 3923 vantes
451 3855 735 3941 supinitatemque
750 3858 846 3921 vobis

306 3962 311 3971 ’
451 3957 521 4022 Det
530 3956 691 4039 juvenum
707 3958 830 4022 oultrix
845 3955 970 4040 prolem
985 3953 1115 4018 Latona
1124 3955 1267 4036 beatam,

490 4056 634 4139 'Vosque
649 4077 731 4141 puer
744 4059 833 4123 laetis
846 4058 979 4140 ignibus
991 4062 1066 4121 urat
1081 4056 1194 4121 Amor.

421 4198 527 4248 Paririlt
541 4204 564 4248 1.
575 4197 634 4248 lini.
646 4198 726 4249 Murt.
737 4200 809 4249 1680.
