3010 4978
309 343 356 406 34
574 360 650 407 rso.
674 357 865 407 rnarzouu
891 358 1138 408 nussuansrro

310 500 371 564 aad
397 504 443 562 lot
462 498 559 561 simol
583 500 695 564 ubivis
718 500 828 563 obvioe
852 500 941 583 apud
967 500 1177 582 Septimium,
1202 506 1386 580 argumento

312 598 392 664 mihi
406 604 485 660 sunt
499 597 541 659 ad
557 597 591 660 id
607 599 824 680 probandum,
847 600 935 682 quod
954 599 1122 663 affirmari.
1166 598 1233 661 Sed
1256 607 1288 663 et
1303 600 1385 681 quod

310 702 346 764 in
374 698 485 776 lingua
507 696 629 761 Latina
655 699 698 762 ad
729 699 861 763 solitam
885 698 1016 764 Graecae
1046 698 1180 781 phrasin
1208 698 1387 774 formatum,

310 796 398 880 apud
413 815 513 861 unum
535 804 716 875 auctorem,
732 798 789 881 qui
805 798 935 864 Graeca·
948 805 1023 861 aute
1038 798 1154 862 oculos
1167 798 1291 873 babuit,
1306 815 1388 879 praa·

309 899 407 978 cipue
421 902 456 959 et
469 898 596 979 saepius
608 897 790 961 adhibitum
801 897 969 979 reperitur,
983 897 1085 962 nihilo
1097 898 1206 961 minus
1217 915 1277 978 pro
1296 895 1388 961 Grae·

309 997 416 1061 cismo
429 995 543 1061 baberi
558 997 668 1075 debet,
683 999 766 1063 licet
776 997 864 1080 apud
880 998 979 1061 alium
994 1016 1127 1080 quoque
1145 1017 1245 1061 unum
1260 1005 1296 1060 et
1309 997 1389 1061 alte·

307 1116 377 1161 rum
405 1097 526 1175 forsan,
549 1105 584 1161 et
606 1101 710 1162 rarius
740 1097 883 1181 quidem,
911 1096 1186 1179 deprehendatur,
1209 1116 1312 1178 quam
1333 1114 1388 1178 pro

309 1198 512 1263 Hebruismo
527 1198 690 1279 accipitur
704 1200 738 1261 in
757 1213 851 1261 axx.
874 1195 1117 1278 Interpretibus
1134 1186 1386 1278 etApo'st'olicis

309 1299 552 1382 scriptis,quod
569 1299 657 1381 apud
670 1300 745 1362 illos
755 1300 870 1362 crebro
880 1317 923 1360 ex
937 1317 1001 1361 usu
1016 1303 1048 1360 et
1061 1298 1154 1379 genio
1171 1297 1310 1361 Hebraei
1324 1302 1396 1359 ser·-

306 1396 415 1465 monis
437 1399 566 1465 Graecis
588 1399 698 1463 verbis
721 1405 773 1463 est
795 1416 1000 1479 expressum,
1014 1396 1095 1459 licet
1116 1396 1233 1460 similis
1255 1396 1388 1469 locutio,

308 1501 365 1564 sed
379 1500 493 1576 rarius,
508 1499 543 1562 in
566 1498 644 1561 aliis
659 1517 791 1581 quoque
806 1496 937 1561 Graecis
960 1496 1176 1579 scriptoribus
1198 1493 1388 1577 investigari

219 1588 224 1596 ’
305 1601 443 1665 undem
456 1599 659 1663 autosteudi
674 1606 783 1680 queat.

348 1717 445 1765 xvu.
470 1699 594 1763 Verum
606 1698 717 1761 versio
731 1700 923 1763 baecsuose
934 1696 1059 1761 indicio
1076 1697 1198 1760 clarius
1213 1703 1248 1759 et
1266 1696 1388 1761 certius

304 1801 474 1884 proderet,
496 1800 526 1862 si
545 1798 599 1863 vel
614 1797 755 1863 Graecus
779 1803 967 1879 superesset
990 1796 1125 1878 Dictys,
1156 1795 1211 1858 vel
1233 1795 1389 1870 Maleles,

305 1902 364 1983 qui
387 1920 432 1964 ex
448 1919 490 1963 eo
504 1897 685 1963 Historiam
706 1895 885 1979 Trojanam
899 1896 935 1958 in
947 1914 1041 1958 snam
1057 1895 1168 1958 retulit
1183 1893 1390 1975 chronogra-

305 2001 428 2084 phiam,
444 1999 573 2063 fidelius
595 2010 670 2070 enm
686 1995 931 2079 descripsisset,
945 2015 1006 2059 uec
1025 1995 1195 2058 maluisset
1207 1993 1390 2076 interpola·

304 2108 386 2179 tum,
407 2107 439 2167 et
457 2103 671 2173 contractam,
691 2097 826 2178 suisque
847 2097 978 2173 uerbis,¹
998 2095 1091 2157 illam
1114 2095 1271 2158 exhibere
1291 2095 1390 2157 nobis
1486 2150 1487 2155 ,

306 2200 507 2265 Historiam.
550 2197 593 2261 Et
617 2204 727 2261 tamen
752 2197 804 2260 vel
833 2199 882 2259 sic
908 2193 1082 2260 manifesta
1107 2195 1189 2256 satis
1211 2195 1388 2276 reperimus

304 2298 445 2376 vestigia
460 2297 724 2358 concurrentium
739 2295 838 2356 simul
855 2294 1004 2366 Malelae,
1020 2299 1055 2356 ct
1068 2295 1126 2373 qui
1141 2313 1216 2356 eum
1226 2296 1388 2375 sequitur,

304 2393 457 2467 cedreni,
472 2412 515 2455 ac
534 2391 642 2453 nostri
665 2390 827 2470 Septimii,
850 2392 883 2452 in
909 2391 1050 2453 eundem
1072 2392 1195 2457 fontem
1215 2391 1387 2475 etaucto-

304 2512 385 2557 ram.
430 2487 544 2553 Veluti
558 2487 688 2569 quaudo
705 2485 824 2568 Dictys
838 2496 953 2552 noster
968 2509 1026 2553 seu
1043 2491 1237 2572 Septimius,
1251 2493 1300 2556 ait
1315 2508 1340 2555 ι.
1353 2491 1386 2555 9.

305 2591 467 2656 Helenam
501 2594 663 2667 rogatam,
695 2590 808 2667 ‘quaa,
827 2587 1006 2670 'cujusque
1030 2591 1140 2668 esset,’
1166 2594 1387 2673 respondisse,

304 2689 510 2754 ‘Alexandri
524 2704 561 2749 se
575 2684 717 2762 affinem,
731 2687 903 2769 magisque
915 2689 957 2751 ad
970 2688 1137 2768 Priamum
1148 2697 1183 2753 et
1198 2690 1389 2767 Hecubam,

304 2810 403 2877 quam
419 2789 462 2854 ad
478 2786 658 2852 Plisthenis
680 2788 768 2851 filios
786 2808 902 2870 genere
917 2791 1098 2871 pertinere:
1122 2791 1277 2855 Danaum
1299 2794 1389 2858 enim

303 2900 404 2974 atque
426 2888 610 2971 Agenorem
632 2895 666 2951 et
690 2889 741 2952 sui
766 2895 802 2951 et
826 2889 949 2952 Priami
971 2892 1098 2970 generis
1123 2897 1277 2955 auctores
1298 2913 1390 2958 esse.

267 3042 271 3047 .
304 2990 461 3073 Namque
482 3008 525 3052 ex
548 2987 704 3052 Hesiona
725 2987 836 3051 Danai
860 2988 929 3051 lilia
950 2997 984 3053 ct
999 2988 1134 3054 Atlante
1151 2989 1316 3056 Electram
1330 3014 1390 3057 na-

303 3100 384 3169 tam,
398 3109 498 3175 qnam
513 3107 559 3152 ex
571 3087 595 3151 J
598 3107 661 3150 ove
679 3087 848 3168 gravidam
866 3088 1058 3152 Dardanum
1072 3091 1235 3171 mouisse,
1250 3110 1295 3154 ex
1322 3113 1388 3176 quo

302 3192 398 3267 Tros,
425 3188 457 3252 el
484 3189 646 3266 deinceps
668 3185 811 3250 insecuti
836 3207 935 3269 reges
957 3188 1035 3252 Ilii!
1078 3189 1298 3255 Conferamus
1316 3195 1386 3277 jam

302 3308 377 3352 oum
392 3288 497 3362 hisce,
513 3288 546 3347 in
560 3285 680 3365 quibus
691 3286 793 3349 multa
802 3293 878 3350 sunt
891 3289 1165 3372 singulariaque
1178 3291 1268 3372 apud
1282 3295 1394 3359 alium*

302 3405 367 3450 nou
382 3393 504 3447 temere
520 3383 675 3463 capasiae,
691 3381 862 3460 Malaiam,
888 3388 945 3468 qui
962 3409 1000 3452 se
1027 3389 1148 3472 Dictyn
1164 3390 1199 3452 in
1220 3390 1272 3452 bis
1286 3394 1386 3475 sequi

301 3483 481 3568 profitetur.
524 3480 626 3560 Apud
641 3499 717 3544 aum
731 3500 808 3562 ergo
830 3487 997 3566 pag'.12li.
1041 3488 1171 3551 Helena
1192 3486 1307 3552 itidem
1332 3504 1394 3556 ro·'

301 3589 390 3663 gaia,
405 3578 447 3651 τῖς
462 3576 512 3655 ‘fiir
533 3577 549 3653 b
571 3575 650 3640 ²5le
670 3577 813 3664 ἀπόγονος,
827 3586 1013 3668 respondet,
1036 3584 1214 3669 Ἀλνξᾶνδρου
1235 3584 1292 3665 alpi
1311 3614 1385 3674 aoy.

299 3685 390 3767 ymb,
417 3680 465 3741 nal
493 3685 606 3760 μᾶλλον
628 3680 773 3763 προσήκειν
796 3684 934 3771 Πριάμους
952 3685 1005 3748 καὶ
1020 3691 1052 3770 τῇ
1073 3683 1195 3768 Ἑκάβῃ,
1217 3688 1266 3748 καὶ
1289 3693 1320 3752 οὐ
1340 3696 1383 3771 τῷ

302 3780 495 3855 Πλυνουθᾶνους
506 3785 556 3864 υἱῷ
573 3779 717 3866 Μενελάῳ.
761 3792 873 3847 Δαναοῦ
885 3789 944 3870 γὰρ
960 3785 1007 3867 ἶφη
1023 3785 1071 3846 καὶ
1092 3784 1239 3870 Ἀγήνορος
1259 3795 1313 3851 τῶν
1330 3794 1383 3856 Σο·

297 3881 395 3945 ὃωνῖοον
410 3883 458 3943 καὶ
471 3883 503 3942 irc
516 3878 610 3965 γένους
619 3887 666 3945 τοῦ
678 3884 819 3970 Πριάμου,
832 3887 915 3967 (lege
931 3885 996 3947 sirau
1011 3888 1042 3947 ἐκ
1056 3883 1151 3969 γένους
1163 3888 1210 3950 τὸν
1225 3886 1383 3975 Πρίαμον)

298 3984 347 4045 καὶ
363 3987 447 4060 αὐτὴν
461 3981 597 4068 ὑπάρχειν
617 3984 648 4042 lx
665 3991 714 4046 roi
727 3984 822 4071 γίνους
843 3990 939 4048 αὐτοῦ.
997 3986 1053 4049 Ἐκ
1068 3987 1231 4065 Πλησνώυης
1252 3993 1310 4073 γὰρ
1332 3994 1381 4062 τῆς
1439 4002 1444 4015 “

295 4087 411 4148 Δαναοῦ
423 4081 558 4168 θυγατρδς
578 4081 699 4165 ἓγεννῆθη
715 4090 727 4147 ὁ
744 4087 853 4160 'Arbae
870 4086 917 4148 uui
931 4086 1121 4176 ἣἯλεκτρα,
1144 4091 1174 4166 if
1187 4089 1217 4165 ἧς
1239 4090 1385 4174 idigini*
