3052 4972
433 391 481 438 on
504 387 685 436 srsrosrn
710 389 820 435 secur
844 387 1020 436 ransart.
1224 373 1267 442 by

178 536 273 599 cuba
293 531 406 596 itidem
421 529 514 612 apud
527 533 700 609 utrumque
714 527 814 590 femur
829 546 903 591 earu
921 527 1097 607 complexa
1120 530 1268 592 omnium

178 634 328 697 maxime
336 632 500 710 deinceps
512 625 705 690 defendisse.
727 625 825 689 Adeo
836 627 1035 689 conueniunt
1047 627 1132 688 inter
1143 645 1180 688 se
1194 627 1267 692 haec

179 733 308 807 omnia,
320 729 537 793 utneminem
551 731 661 806 putem
672 730 874 806 negaturum,
888 731 1061 807 utrumque
1070 725 1114 788 ab
1124 743 1191 788 uuo
1207 725 1266 790 ha-

178 832 299 897 buisse
313 849 355 893 ea
379 829 570 900 auctorest
590 845 688 906 quem
712 833 904 900 memorant,
923 843 989 888 uno
1015 824 1147 907 Dictys,
1164 833 1265 907 atque

177 932 231 994 ita
256 935 404 994 nochum
425 945 539 990 revera
554 924 710 989 Graecum
730 925 824 988 illum
850 923 988 1006 Dictyn,
1013 933 1075 986 ‘ut
1098 929 1176 1000 erat,
1198 923 1265 988 Ira-

180 1031 254 1093 tine
268 1025 490 1112 exposuisse,’
503 1023 593 1107 qnod
607 1024 682 1106 ipse
696 1025 753 1099 ait,
768 1030 870 1105 etego
881 1022 1089 1106 probandum
1104 1041 1263 1105 suscepe-

177 1148 260 1194 ram.

222 1243 308 1293 xrx.
331 1225 428 1289 Idem
441 1242 521 1287 vero
536 1227 704 1304 agnoscet,
718 1222 918 1305 quicumque
940 1242 1014 1287 cnm
1037 1222 1162 1288 Malata
1183 1242 1262 1289 cou-

171 1329 257 1394 terre
269 1327 375 1392 etiam
395 1325 486 1390 volet
504 1330 655 1387 nostrum
679 1323 874 1404 Septimium
890 1323 1263 1407 rr.18·de'Polymnes·

174 1434 244 1494 tore
257 1427 424 1492 Thracum
438 1442 518 1504 rege
532 1422 576 1486 ad
601 1422 792 1504 pactionem
807 1429 841 1484 et
855 1422 1059 1486 deditionem
1074 1426 1204 1499 adacto,
1219 1425 1261 1488 de

176 1528 343 1610 Polydoro
357 1526 485 1589 Priami
498 1523 571 1586 filio
591 1521 722 1586 Graecis
745 1521 885 1598 tradito,
904 1543 1001 1604 quern
1028 1524 1086 1588 alii
1108 1523 1260 1606 plerique

174 1646 236 1710 per
249 1627 419 1690 avaritiam
432 1625 556 1688 clama
578 1623 828 1704 Polymnestore
849 1623 1055 1686 interiectum
1077 1625 1261 1708 perhibent,

171 1735 206 1790 et
217 1727 261 1790 de
284 1726 482 1789 Teuthrante
492 1725 610 1788 occiso
622 1725 667 1786 ab
678 1721 797 1805 AJace,
807 1725 840 1787 et
848 1713 1000 1788 ¹abducta
1009 1723 1081 1806 ejus
1095 1723 1166 1786 filia
1174 1723 1259 1788 Tec-

170 1845 295 1892 messa.
339 1824 390 1888 Ea
404 1824 494 1887 euim
518 1825 630 1887 omnia
650 1842 718 1886 nou
742 1822 885 1886 Malelas
907 1831 1047 1901 tantruu,
1063 1824 1122 1888 sed
1145 1824 1256 1888 erice-

170 1927 309 2003 drenus,
324 1943 418 2007 aeque
434 1944 475 1988 ac
491 1924 684 2005 Septimius,
705 1928 740 1987 et
756 1922 869 1986 eodem
887 1922 1010 2000 ordine,
1025 1925 1097 1987 sine
1112 1924 1182 1988 ulla
1197 1925 1258 1986 cir·

174 2025 453 2106 constantiarum
472 2025 631 2087 uarietate
648 2025 746 2088 nobis
761 2022 984 2105 prodiderunt.
1029 2019 1132 2088 Porro
1148 2029 1257 2086 autem

179 2123 368 2186 Hectorem
390 2139 450 2202 por
476 2122 614 2184 insidias
637 2141 754 2187 cresum
786 2123 830 2185 ah
856 2121 998 2198 Achille,
1020 2139 1096 2183 cum
1123 2121 1257 2182 obviam

179 2221 403 2286 Penthesilea:
413 2219 575 2302 prodiret:
600 2219 703 2284 Unum
716 2241 761 2285 ex
776 2221 868 2284 illius
885 2219 1063 2283 comitibus
1075 2223 1257 2282 truncatum

170 2322 387 2408 manibus,·et
407 2321 456 2410 itu
477 2322 647 2384 remissum
662 2321 814 2404 'l'rojam3
836 2321 934 2384 isthic
956 2340 990 2385 re
1010 2319 1172 2384 intellecta
1185 2319 1256 2384 edi·

168 2431 245 2486 tum
259 2421 416 2505 ejulatum
432 2429 500 2485 tam
515 2421 752 2497 vehementem,
768 2428 807 2484 ut
829 2423 925 2486 otiam
942 2441 1024 2485 ares
1042 2441 1085 2484 ex
1108 2420 1185 2484 aare
1198 2422 1255 2485 de·

169 2522 334 2588 uiderint:
371 2520 540 2584 Priamum
564 2540 647 2584 mox
669 2539 746 2584 cum
761 2519 994 2586 Andromacha
1016 2529 1050 2586 et
1081 2521 1255 2604 Polyxena

168 2624 299 2687 venisse
319 2622 362 2684 ad
374 2621 548 2696 Achillem,
568 2640 709 2704 eumque
731 2631 910 2698 orassent
935 2623 1081 2686 cadaver
1095 2605 1254 2685 Hectoris

167 2725 236 2788 sibi
246 2722 409 2797 redderet,
425 2724 526 2785 immo
542 2721 701 2785 obtulisse
709 2725 751 2798 ei,
766 2731 841 2805 post
852 2725 1062 2804 impetratum
1071 2722 1142 2804 jam
1154 2719 1254 2784 cada-

168 2843 236 2900 ver,
258 2821 476 2905 Polyxenam,
493 2819 552 2882 scd
576 2839 677 2900 quam
701 2820 865 2886 distulerit
884 2829 964 2885 tunc
978 2821 1143 2886 Achilles:
1166 2821 1253 2883 Pen·
1310 2842 1313 2850 ·

166 2923 343 2987 thesileam
364 2939 454 2995 vero,
469 2919 586 2983 audita
607 2939 689 2983 nece
705 2921 871 2998 Hecuiris,
886 2921 990 2985 redire
1011 2921 1143 2983 domum
1155 2919 1253 2982 vola·

165 3026 247 3100 isse,
263 3021 365 3085 sed'a
385 3019 510 3083 Paride
524 3020 630 3083 multo
652 3039 731 3084 auro
752 3023 921 3086 inductam
943 3019 1115 3092 mansisse,
1128 3023 1161 3079 et
1174 3033 1253 3078 mox

127 3143 132 3150 ·
165 3123 346 3187 commissa
360 3137 484 3202 pugna,
500 3138 575 3182 cum
592 3120 698 3182 aciem
719 3122 796 3203 ipsa
817 3121 1003 3184 ordinasset
1017 3123 1051 3182 et
1064 3117 1149 3178 inter
1162 3114 1254 3195 cqui-

164 3229 215 3286 tes
243 3223 463 3295 constitisset,
489 3219 617 3282 fortiter
638 3219 825 3294 dimicasse,
854 3221 913 3284 scd
935 3220 980 3284 ab
1002 3214 1135 3281 Achille
1164 3231 1251 3296 equo

165 3322 343 3404 dejectam,
366 3328 401 3383 et
426 3321 572 3384 crinibus
603 3325 750 3400 tractam,
776 3323 935 3396 occisam,
956 3319 1186 3400 abjectamque
1215 3316 1250 3378 in

168 3421 302 3486 flurium
322 3421 583 3486 Scamandrum:
606 3419 748 3485 Graecos
769 3420 843 3484 dein
866 3421 1043 3500 peremisse
1066 3417 1188 3481 multos
1204 3433 1248 3482 ex

170 3517 339 3586 hostibus:
362 3527 399 3585 at
411 3519 640 3584 Amazonibus
664 3521 865 3602 pepercisse,
887 3519 1037 3582 seruituti
1059 3516 1251 3580 destinatis:

169 3615 313 3681 Venisse
326 3625 447 3702 postea
462 3617 672 3682 Memnonem
688 3619 814 3700 Regem
836 3619 995 3682 Indorum
1011 3637 1087 3681 cum
1100 3617 1249 3681 maxima

163 3735 271 3784 manu
286 3719 326 3780 ad
338 3721 512 3802 suppetias
528 3717 665 3783 Priamo
679 3719 851 3783 ferendas:
876 3719 982 3782 victos
997 3719 1039 3780 ab
1055 3737 1094 3780 eu
1109 3717 1249 3780 Graecos

161 3818 208 3884 ad
222 3836 332 3882 naves
350 3819 517 3899 refugisse,
533 3839 618 3901 quas
631 3822 725 3902 ipsas
747 3819 825 3882 sola
845 3837 916 3881 nox
930 3817 1163 3898 superveniens
1179 3833 1248 3877 ser·

160 3915 317 3984 voverit:
340 3925 427 3979 sorte
447 3919 524 3983 dein
536 3917 673 3982 ductum
690 3917 828 4001 Ajacem
844 3917 1085 3989 Telamonium,
1100 3915 1158 3995 qni
1173 3933 1249 3996 pos·

156 4016 259 4084 tridie
277 4033 353 4080 cum
370 4013 548 4082 Memnone
563 4025 746 4100 pugnaret:
767 4019 821 4081 hic
836 4036 915 4081 vero
930 4035 1006 4080 curn
1023 4012 1073 4077 illi
1096 4030 1248 4076 succum·

152 4114 375 4195 bacchiadas
388 4117 555 4182 munusue
571 4115 722 4198 Ajacem,
737 4117 798 4180 sed
810 4116 940 4180 interim
954 4112 1132 4184 Achillem,
1144 4108 1248 4172 nuda-
