3196 4976
356 851 761 973 DICTYOS
827 854 1342 979 CRETENSIS

544 1165 621 1241 DE
672 1165 849 1242 BELLO
899 1167 1155 1248 TROJANO

731 1425 879 1492 LIBER
921 1427 965 1492 V.

304 1863 533 1957 Auruncus
548 1890 795 1974 Talthybioque
811 1890 980 1955 civitatem
999 1891 1172 1974 ingressis,
1191 1894 1304 1960 cuncti
1327 1911 1387 1977 po·

303 1993 440 2074 pulares
455 1993 617 2076 sociique,
632 1990 762 2074 cognita
775 2009 821 2069 re,
833 2011 973 2076 propere
988 2004 1198 2073 concurrunt,
1212 1996 1387 2078 cupientes

304 2091 494 2175 dignoscere
508 2113 584 2178 qum
598 2092 689 2177 apud
703 2090 845 2157 Graecos
859 2093 1022 2157 actitata¹
1039 2101 1169 2159 essent:
1184 2096 1307 2178 quibus
1317 2092 1389 2156 An·

304 2198 401 2258 tenor
415 2195 449 2258 iu
461 2194 649 2277 proximum
666 2191 753 2255 diem
774 2192 931 2256 relatum²
950 2192 1078 2258 differt:
1101 2201 1200 2277 atque
1216 2195 1263 2257 ite
1275 2193 1390 2258 dimis-

213 2338 220 2350 .
303 2307 344 2352 so
366 2299 545 2367 conventu,
561 2289 755 2354 disceditur.
797 2288 883 2352 Tum
902 2292 989 2354 inter
1010 2292 1140 2375 epulas,
1159 2312 1234 2355 cum
1248 2293 1390 2376 Talthy-

303 2388 402 2450 bius³
427 2392 611 2463 interesset,
633 2388 721 2451 filios
744 2406 823 2450 suos
850 2406 981 2450 monere
995 2387 1155 2464 Antenor,
1169 2391 1250 2451 nihil
1277 2390 1329 2453 his
1353 2392 1389 2452 iu

303 2485 376 2548 vita
396 2484 658 2560 custodiendum,
672 2501 772 2566 quam
785 2483 836 2546 uti
853 2484 1116 2565 antiquissimam
1131 2487 1290 2551 ducerent
1310 2505 1387 2549 curn

303 2581 434 2648 Graccis
455 2582 659 2646 amicitiem:
681 2581 761 2645 dein
783 2582 1013 2663 singulorum·
1037 2585 1250 2661 probitatem,
1274 2585 1387 2661 fidem,

303 2688 403 2765 atque
423 2680 641 2746 innocentiam
655 2673 957 2759 commemorando,
981 2683 1171 2749 admiratus.
1215 2685 1270 2750 Ita
1295 2686 1387 2752 finito

303 2781 470 2859 convivio,
495 2779 670 2864 quietum⁴
691 2780 878 2846 disceditur.
921 2783 970 2848 At
993 2783 1077 2847 lucis
1100 2783 1207 2861 initio,
1231 2787 1387 2850 omnibus

298 2880 371 2964 jam
385 2882 420 2946 in
441 2880 585 2946 concilio
606 2881 864 2964 expectantibus
875 2883 993 2947 audire
1011 2884 1041 2946 si
1061 2884 1136 2968 quis
1150 2886 1272 2950 modus
1285 2887 1387 2951 tantis

303 2983 403 3048 maiis
423 2983 526 3060 fleret,
539 3000 617 3045 cum
637 2981 816 3067 Talthybio
837 2981 912 3065 ipse
932 2982 1035 3059 venit,
1056 3002 1163 3067 neque
1182 2988 1286 3049 mutto
1307 2993 1388 3068 post

304 3081 443 3161 AEneas,
457 3083 533 3148 dein
553 3081 709 3147 Priamus
730 3100 807 3147 cum
820 3080 963 3146 residuis
977 3082 1108 3167 regulis.
1151 3083 1212 3169 [2.]
1233 3086 1388 3168 Denique

303 3184 363 3247 ubi
377 3203 420 3249 oa
433 3202 509 3266 quae
524 3202 547 3248 a
559 3181 692 3247 Graecis
707 3182 855 3246 andierat
875 3181 986 3248 dicere
1003 3181 1120 3265 jussus
1133 3193 1196 3261 est,
1209 3184 1273 3250 hoc
1285 3184 1389 3249 modo

305 3281 482 3348 disseruit:
504 3280 666 3358 ‘Grave'
681 3279 821 3363 Trojani
845 3281 1025 3362 principes,
1048 3301 1174 3366 vosque
1197 3285 1292 3363 socii,
1314 3304 1391 3367 gru·

304 3396 348 3440 va
362 3380 487 3443 bellum
500 3380 597 3443 nobis
611 3378 778 3441 excitasse
789 3375 965 3439 adversum
976 3375 1155 3459 Graeciam,
1166 3385 1299 3464 parius
1307 3402 1388 3448 vero

305 3477 479 3559 multoque
489 3477 617 3554 dumus,
632 3473 778 3540 mulieris
788 3490 906 3550 causa,
920 3474 1120 3563 hostesque⁵
1134 3481 1271 3549 effectos
1286 3502 1388 3565 quem

756 3663 933 3687 01000000Μο

334 3798 349 3844 1
366 3794 462 3860 Deiph.
472 3797 584 3843 oeta—2
600 3792 693 3858 Delph.
703 3795 836 3846 ream-s
853 3794 950 3861 Deiph.
962 3796 1097 3847 cesten
1104 3802 1193 3863 mdes,
1208 3802 1302 3853 omium
1321 3816 1387 3855 rues

306 3858 423 3910 naa-⁴
438 3859 522 3909 Deest
532 3856 558 3908 in
570 3855 783 3922 Delpmqeiotn,
797 3859 896 3909 inserte
912 3859 1002 3910 recula
1018 3867 1122 3914 ιιι-6
1139 3865 1277 3918 omittitur
1295 3867 1387 3917 rocula

786 4004 897 4056 NOTAE

334 4105 347 4133 ⁸
361 4097 522 4164 Suam]
539 4073 689 4151 Grecernm
699 4113 802 4163 nempe.
862 4101 913 4152 Sed
924 4114 1002 4166 greve
1013 4107 1061 4161 ert,
1070 4106 1119 4156 tre.

243 4208 248 4215 -
334 4171 457 4238 b(irrrrd
473 4174 543 4226 cere
555 4174 650 4240 tonan
664 4188 722 4227 eam
733 4174 824 4225 hum.
865 4237 869 4251 .

1569 814 1573 995 ,
