3196 4976
332 362 399 433 242
681 375 843 435 nrcrros
866 375 1072 427 currnusrs

334 520 497 594 ceterum,
511 520 549 581 ut
562 515 733 598 cognitum
754 523 818 594 est,
834 523 916 599 post
928 515 1114 585 Alexandri
1129 518 1297 589 interitum
1311 521 1415 591 inrisu

332 619 364 683 ei
378 616 466 699 apud
480 614 616 699 Trojaru
629 615 724 680 fuere
739 616 861 695 omnia,
874 616 1147 700 desideratusqne
1162 618 1207 685 ad
1229 639 1312 685 suos
1330 623 1415 689 redi·

274 769 279 778 .
331 727 398 783 tus.
440 714 591 781 Atracis
605 715 709 793 initio,
723 715 846 799 quihus
864 717 1063 799 imperatum
1081 723 1163 795 eret,
1178 718 1223 789 ed
1237 737 1342 787 naves
1359 702 1418 787 ve?

327 816 433 892 niuut,
448 814 617 881 decretum
630 815 751 879 civium
769 816 899 879 cunetis
920 823 1062 883 narrem.
1106 817 1228 900 Itaque
1249 839 1326 885 cnm
1340 823 1414 903 qui.

328 917 392 981 hus
414 923 541 994 antee,q
570 916 613 980 ad
636 914 860 981 confirmanda
882 935 958 999 qnae
985 924 1115 1000 tempus
1135 919 1302 996 mouebat,
1323 936 1415 987 sece³

329 1018 424 1082 dunt.
468 1015 524 1080 lhi
544 1034 619 1083 cum
640 1014 748 1081 multa
762 1014 805 1081 de
826 1016 996 1097 republioe
1018 1036 1059 1081 ee
1081 1035 1209 1083 summa
1226 1038 1331 1085 rerum
1347 1020 1414 1086 dis·

331 1121 485 1195 sererent,
506 1117 709 1185 voluntatem
732 1133 865 1198 quoque
889 1115 1032 1182 Helenae
1055 1117 1188 1194 docent,
1216 1121 1414 1204 veniamque

329 1227 434 1283 orant.
478 1217 523 1280 Et
544 1216 588 1281 nd
610 1221 813 1299 postremum
835 1201 1031 1280 confirmant
1051 1217 1134 1280 iuter
1155 1235 1192 1280 se
1213 1218 1414 1298 proditionis

328 1317 527 1402 pactionem.
572 1314 659 1381 Dein
684 1313 741 1378 ubi
767 1320 898 1396 tempus
923 1315 1032 1379 risum
1052 1320 1113 1390 est,
1138 1334 1213 1379 cnm
1233 1315 1356 1399 Ulysse
1378 1325 1413 1383 et

329 1416 496 1483 Diomede
512 1413 700 1496 ad'l'rojem
715 1415 864 1490 veniunt,
875 1413 1023 1478 cohibito
1032 1413 1155 1498 Ajace¹
1169 1415 1338 1493 ebAEnea,
1351 1418 1415 1480 sci·

327 1516 410 1583 licet
433 1534 474 1583 ne
498 1521 587 1599 qua·
610 1513 742 1579 insidiis
756 1515 997 1596 opprimeretur
1011 1514 1088 1579 talis
1103 1515 1164 1592 vir,
1184 1535 1284 1598 quem
1305 1517 1413 1581 solum

326 1614 458 1683 barbari
470 1632 538 1679 nou
552 1630 649 1679 secus
663 1630 763 1695 quam
777 1611 942 1679 Achillem
955 1614 1155 1681 metuebant.
1201 1614 1306 1697 Igitur
1319 1620 1413 1698 post·

328 1732 428 1796 qnam
444 1713 550 1781 duces
565 1711 677 1779 Graeci
692 1712 727 1774 in
745 1712 879 1776 civitate
900 1713 1072 1796 conspecti
1082 1718 1178 1789 sunt,
1192 1715 1304 1778 cuncti
1317 1715 1412 1780 cives

328 1813 453 1881 tolluut
467 1830 528 1894 spe
550 1812 689 1888 enimes,
707 1810 938 1875 existimantes
959 1811 1060 1876 finem
1076 1812 1154 1877 belli
1171 1819 1271 1896 atque
1285 1814 1413 1901 discor·

327 1912 467 1981 diarum.
510 1910 630 1993 Itaque
651 1928 791 1993 propere
811 1915 947 1975 senetus
959 1910 1106 1989 habitus,
1121 1912 1179 1977 ubi
1192 1914 1311 1979 nostris
1323 1930 1413 1995 pree·

329 2013 480 2081 sentibus
493 2010 691 2086 decernitur,
705 2009 846 2090 primum
860 2009 1003 2073 omnium
1019 2008 1253 2076 Antimachum
1265 2030 1311 2079 ex
1321 2014 1414 2079 omui

317 2111 475 2196 ¹Phrygio
495 2109 718 2185 exulandum,t
743 2107 871 2172 scilicet
893 2116 1061 2174 auctorem
1081 2110 1161 2174 tanti
1188 2111 1280 2178 meli.
1323 2111 1413 2179 Dein

327 2230 427 2295 super
452 2209 642 2275 conditione
662 2208 758 2289 pacis
780 2208 915 2275 tractari
929 2214 1085 2289 coeptum.
1129 2209 1190 2292 [5.]
1221 2210 1314 2276 Inter
1336 2230 1413 2292 quae

325 2316 460 2389 repente
473 2309 630 2389 strepitus
645 2325 690 2369 ex
707 2307 880 2388 Pergamo,
897 2307 951 2370 uhi
966 2308 1057 2387 regia
1072 2307 1196 2373 Priami
1205 2316 1219 2344 ‘¹
1243 2317 1326 2388 erat,
1342 2309 1413 2374 cla·

325 2413 461 2486 uiorque
475 2407 589 2485 ingens
603 2402 723 2467 editur.
755 2403 836 2479 Quo
848 2422 883 2466 re
898 2405 1018 2467 turbati
1033 2404 1090 2484 qui
1104 2405 1139 2466 in
1151 2407 1291 2470 oonsilio
1304 2416 1410 2484 erent,

324 2504 414 2569 fores
429 2503 617 2586 prosiliunt,
632 2501 804 2565 credentes
819 2502 958 2565 insidias
971 2507 1119 2565 tentatas
1139 2502 1237 2566 solito
1250 2511 1264 2537 l
1278 2522 1298 2567 e
1312 2522 1411 2586 regu·

324 2602 377 2668 lis.
421 2601 543 2683 ltaque
561 2600 596 2663 in
613 2598 773 2685 templum
785 2599 946 2663 Minervae
961 2617 1102 2682 propere
1117 2601 1316 2667 concedunt.
1359 2603 1411 2671 At

322 2700 437 2785 paullo
453 2706 542 2783 post,
557 2718 603 2763 ex
621 2699 675 2762 his
689 2699 748 2781 qui
762 2718 807 2763 ex
826 2716 903 2761 arce
917 2698 1168 2776 descenderant,
1181 2703 1408 2782 cognoscitur,

324 2799 506 2865 Alexandri
521 2798 621 2875 filios,
637 2817 722 2880 quos
735 2816 780 2861 ex
796 2796 928 2860 Helena
946 2804 1150 2879 susceperat,
1169 2816 1250 2862 casn
1264 2818 1408 2867 camerae

263 2912 272 2925 ·
323 2900 506 2967 extinctos:
528 2897 627 2981 hique
639 2903 733 2965 erant
749 2896 931 2973 Bnnomus,
945 2893 1127 2978 Corythus,
1143 2902 1244 2980 atque
1261 2897 1409 2965 Idaeus.'

813 3104 919 3156 NOTAE

354 3254 445 3304 ocur
454 3252 538 3316 pedm
547 3251 628 3315 ntor]
643 3248 843 3305 induerim
913 3256 927 3282 ·
944 3248 986 3298 Ex
1005 3249 1133 3312 emm,
1152 3250 1194 3300 nit
1213 3252 1281 3313 ugia
1300 3252 1408 3320 Pria...]

323 3327 496 3376 eondrmeodr
516 3338 574 3391 qn·
593 3332 695 3389 temper
715 3323 843 3383 mourhrt,
882 3321 952 3371 illuc
974 3322 1168 3386 intelligendum
1188 3324 1252 3375 hlud
1272 3326 1346 3391 virg.
1374 3343 1407 3380 ιι.

323 3400 447 3448 scendum
457 3414 515 3449 cunr
527 3399 617 3450 lisdem
628 3398 721 3463 quihus
731 3395 826 3445 rutea'
881 3393 939 3443 Eu.
962 3394 1044 3446 ‘linc
1055 3395 1112 3447 dnh
1123 3398 1219 3449 Prirml
1231 3398 1350 3461 luterum,
1362 3404 1407 3455 hie

355 3472 487 3521 'Coilhito
505 3473 591 3536 mer]
619 3473 660 3522 Ns
681 3484 739 3522 enm
758 3470 790 3519 lis
810 3468 841 3519 rd
881 3467 1047 3518 exituslllunr
1066 3471 1143 3520 Sorte
1161 3472 1231 3534 tulit,
1247 3473 1350 3537 'l'rojrm
1369 3472 1408 3527 ni.

321 3544 423 3607 'rrojsn
435 3544 494 3592 lrcr.
881 3555 984 3592 renum
995 3549 1023 3592 et
1033 3544 1153 3607 prolapsu
1163 3546 1293 3596 ridentem
1308 3549 1407 3614 Pergr-

351 3618 417 3666 'Ne
426 3616 484 3679 qur]
500 3616 592 3677 Deest,
602 3618 652 3666 ria.
881 3615 940 3665 mr.⁸
972 3616 1115 3677 Perpennus
1126 3623 1211 3668 entem
1223 3627 1279 3671 erat
1290 3621 1407 3686 llilcrx3

352 3693 361 3722 ¹
377 3688 541 3751 Erulum
557 3689 631 3754 Apud
647 3688 712 3739 ullor
722 3688 777 3740 fere
788 3704 842 3741 our·
881 3704 960 3754 querc
970 3688 1036 3740 inire
1047 3689 1119 3748 dicit,
1136 3697 1185 3741 ‘er
1201 3694 1285 3758 linqui
1297 3709 1331 3745 er
1342 3710 1406 3748 eree

322 3778 369 3814 nes
389 3777 491 3827 temper
513 3764 644 3824 leverim
671 3763 764 3814 ‘domo
784 3780 841 3816 mes
880 3764 1082 3814 ducenderrnt!
1114 3766 1179 3818 Inde
1195 3768 1317 3833 anrllhet
1330 3786 1406 3822 arcer

321 3838 406 3892 exulo,
427 3838 515 3885 exulrt
541 3837 633 3901 peter!
663 3838 715 3888 ded
741 3854 842 3902 semper
879 3838 1127 3901 diere‘l’ergrmn'

321 3912 713 3977 decrtrccnrrtlrureugurtnrr
737 3917 842 3965 exciere
911 3914 1026 3977 vetuo]
1041 3916 1324 3979 Subrudltur,‘urure‘.'

321 3989 389 4037 enlm
401 3986 511 4036 sutirum
522 3994 576 4049 est,
586 3996 614 4038 ut
630 3996 701 4038 recte
711 3990 763 4052 hic,
772 3991 842 4054 apud
911 3994 927 4020 ¹
944 3988 1074 4048 Berones,
1086 3991 1204 4055 Curetim
1222 3997 1301 4056 utque,
1312 3995 1405 4058 Idam]

320 4064 429 4125 Dictyn.
462 4061 714 4124 erumnosae.
729 4064 842 4115 ‘Medos
880 4065 1404 4130 memereonmsmontrrermmhy·

320 4138 412 4186 iterum
423 4135 558 4187 exuretur!
881 4140 968 4203 cophr.
980 4141 1019 4201 Ἐε
1033 4140 1332 4205 'memorianus
1342 4144 1405 4203 φασὶ
