3010 4978
296 395 340 457 tt)
556 408 636 453 sne.
661 407 852 454 rnnrzomr
877 405 1125 454 nrssnnrnrrn

266 620 271 629 ,
300 570 338 613 se
355 548 476 621 tradat,
492 552 651 611 ettamen
666 548 823 612 nonnulla
845 549 945 612 etiarn
967 549 1158 612 accuratius
1172 554 1208 610 et
1226 547 1367 611 disertius

170 726 176 733 ι
270 664 275 675 ·
299 646 511 728 expresserit,
526 664 625 727 quam
641 655 753 711 noster
767 647 964 731 Septimius,
978 650 1036 730 qui
1047 648 1229 729 aliquando
1242 648 1369 709 circum·

297 747 379 811 aisis
404 746 602 808 necessariis
625 746 668 808 ad
694 748 739 809 rei
764 747 1010 827 intelligentiam
1040 746 1295 811 circumstantiis
1320 743 1371 806 ob·

296 865 396 909 scure
414 845 567 927 quaedam
585 854 617 909 et
639 845 795 926 ambigue
809 852 930 910 narrat.
974 845 1089 910 Veluti
1100 844 1191 928 quod
1206 844 1249 908 d'e
1263 842 1373 907 AEthra
1467 832 1469 933 l

297 954 332 1008 et
347 945 505 1028 Clymene
527 965 629 1027 supra
653 946 920 1010 memoravimus.
965 944 1028 1007 Cui
1050 944 1139 1007 adde
1160 944 1271 1008 locum
1284 957 1331 1004 ιν.
1344 940 1374 1004 3.
1469 948 1470 1003 l

297 1044 453 1123 ‘Fugam
490 1050 686 1126 capessunt,
724 1045 918 1127 clausisque
946 1044 1093 1108 civitatis
1124 1045 1245 1125 pertis,
1280 1040 1376 1105 nostri
1470 1066 1471 1121 i

297 1146 453 1227 reliquos,
479 1164 564 1228 quos
587 1145 667 1226 luga
689 1146 776 1210 bello
806 1152 986 1221 exemerat,
1013 1144 1224 1220 obtruncant,
1239 1141 1375 1207 soeminis
1470 1126 1471 1143 ¹

299 1251 428 1309 tentum
443 1247 650 1310 abstinentes
664 1266 796 1324 manus,
817 1254 1054 1329 parccntasque
1073 1244 1193 1309 sexui!
1236 1242 1376 1307 Dubium
1472 1298 1473 1319 ,

300 1346 389 1409 enin
403 1345 458 1409 nc
473 1347 678 1428 relinquitur,
694 1353 805 1410 utrum
820 1346 882 1420 uu,
897 1346 956 1426 qur
971 1341 1379 1410 sunuenneetreamine-

299 1448 390 1521 bant,
416 1452 450 1510 et
473 1445 622 1527 fugerant
645 1465 691 1509 ex
715 1447 789 1510 acie
813 1446 856 1509 ad
879 1447 1005 1522 urbem,
1021 1446 1198 1510 clauserint
1220 1445 1287 1528 ipsi
1308 1441 1379 1506 dein
1473 1452 1474 1455 ’

291 1552 429 1629 portas,
451 1564 495 1609 an
522 1564 600 1608 vero
624 1545 771 1627 Trojani,
794 1547 853 1627 qui
879 1548 913 1608 iu
936 1547 1018 1609 urbe
1041 1557 1241 1610 manserant.
1287 1543 1381 1607 Prius

299 1644 448 1708 erederet
462 1645 550 1727 quis,
565 1644 622 1726 qui
649 1644 845 1725 Septimium
870 1649 994 1708 tantum
1010 1644 1099 1725 legit,
1115 1653 1152 1708 at
1175 1665 1265 1721 vero,
1281 1646 1385 1727 quiet

301 1744 474 1820 Mulelam,
507 1744 729 1827 deprehendet
763 1744 933 1820 continuo,
963 1762 1077 1806 verum
1109 1764 1185 1808 esse
1209 1743 1386 1826 posterius.

301 1844 392 1908 Nam
406 1843 571 1927 Trojanos
586 1844 667 1908 dicit
679 1844 735 1907 ille
758 1843 943 1907 ‘clausisse
963 1842 1101 1925 portes,'
1123 1845 1168 1904 trel
1183 1843 1248 1914 τοὺς
1269 1842 1388 1924 eudyn-

299 1967 363 2020 τας,
375 1949 384 1977 ‘
396 1952 530 2027 propter
551 1943 627 2008 illos
648 1941 826 2024 fugientes,'
850 1948 886 2006 ut
905 1959 1085 2024 repugnare
1112 1943 1241 2007 scillcet
1256 1940 1388 2005 Graecis

300 2034 503 2126 cogerentur,
518 2045 577 2109 sed
600 2050 634 2107 et
656 2044 698 2106 de
724 2040 930 2109 ‘Foeminis'
951 2042 1019 2105 illis
1041 2041 1145 2118 addit,
1162 2041 1269 2106 samse
1288 2040 1388 2104 Ama·

302 2162 415 2221 zonas,
429 2164 513 2226 quas
525 2143 638 2209 Graeci
654 2150 774 2226 captes
789 2142 874 2205 inter
887 2160 925 2203 se
940 2140 1123 2205 diviserint.

347 2260 433 2308 xxi.
459 2248 611 2325 Denique
625 2264 680 2306 res
691 2243 867 2306 manifesta
882 2241 933 2305 vel
947 2239 1092 2303 maxime
1109 2258 1154 2303 ex
1168 2240 1271 2303 Libro
1284 2239 1386 2305 Sexto

302 2344 407 2403 nostri
421 2343 619 2423 interpretis,
633 2343 668 2403 iu
688 2358 788 2421 quem
815 2358 911 2401 unum
932 2338 1101 2419 redegisse
1122 2358 1160 2403 se
1176 2342 1223 2404 ait
1243 2347 1387 2425 quatuor

302 2437 356 2501 vel
371 2439 519 2519 quinque
541 2436 712 2502 volumina
725 2436 840 2500 Graeci
863 2437 1018 2519 Dictyos,
1040 2446 1130 2502 certe
1153 2440 1267 2504 retulit
1286 2445 1387 2504 totam

302 2536 469 2601 historiam
484 2538 526 2601 de
552 2537 656 2601 reditu
680 2536 887 2600 Graecorum.
930 2535 1076 2602 Malelas
1100 2546 1209 2604 auum
1240 2541 1390 2606 similiter
1421 2533 1427 2545 '

303 2637 439 2722 quidem
453 2637 627 2701 defunctus
640 2644 692 2701 est
706 2636 825 2719 paucis
840 2637 873 2699 in
893 2656 935 2700 ea
955 2637 1106 2718 historia,
1119 2640 1178 2703 sed
1196 2642 1246 2706 ita
1270 2649 1391 2715 mmen,

303 2743 419 2803 utnon
434 2744 589 2821 aequatur
610 2737 822 2820 Septimium,
844 2756 957 2801 verum
976 2738 1113 2821 reliquis
1134 2758 1179 2803 ex
1193 2738 1393 2808 Graecorum

300 2839 412 2904 reditu
433 2840 681 2921 praetermissis,
697 2839 854 2919 delegerit
873 2840 1079 2921 potissimum
1101 2840 1275 2906 historiam
1297 2842 1393 2926 Ulys-

303 2942 362 3018 sis,
377 2959 420 3005 ac
430 2939 506 3004 dein
522 2937 790 3022 Agamemnonis,
803 2941 910 3004 occisi
922 2942 965 3004 ab
980 2958 1095 3016 uxore,
1111 2947 1148 3004 ut
1159 2948 1193 3005 et
1207 2940 1312 3024 hujus
1320 2943 1393 3019 tilii,

303 3040 448 3118 Orestis,
467 3042 511 3106 de
526 3043 650 3123 quibus
665 3042 819 3106 omnibus
840 3041 938 3123 longe
953 3040 1061 3123 plura,
1077 3041 1156 3105 licet
1180 3044 1392 3124 congruenti·

303 3144 367 3207 bus
381 3144 520 3209 summis
539 3161 644 3207 rerum
668 3144 711 3206 ab
728 3141 921 3206 Homericis
935 3141 1181 3205 narrationibus
1207 3142 1391 3227 aliquando

303 3245 527 3308 secedentium
552 3241 735 3322 capitibus,
750 3241 858 3313 refert,
883 3260 980 3322 quam
1005 3240 1142 3317 Noster,
1157 3248 1190 3306 et
1212 3249 1326 3308 tamen
1348 3262 1392 3307 ex

305 3340 439 3420 Dictys,
454 3348 493 3401 ut
515 3338 637 3402 diserte
659 3339 835 3404 identidem
859 3341 919 3404 ait.
962 3339 1050 3403 Vide
1073 3361 1108 3423 p.
1133 3342 1204 3404 tas.
1219 3342 1261 3404 de
1282 3345 1394 3420 Circe,

303 3457 403 3522 quam
421 3433 547 3504 Noster
571 3438 651 3503 nihil
666 3439 768 3516 aliud,
783 3460 882 3523 qnam
898 3440 1242 3521 nominat,etp·155.
1261 3441 1337 3505 168.
1361 3450 1393 3508 et

303 3539 376 3602 172
422 3538 558 3603 Clarum
572 3557 618 3602 ex
630 3559 684 3616 eo,
695 3540 854 3605 habuisse
865 3540 1004 3605 Graecos
1013 3541 1214 3621 posteriores
1228 3537 1302 3616 illa,
1312 3563 1392 3626 quoe

304 3638 449 3721 Dictyos
463 3639 596 3701 nomine
617 3638 764 3716 laudant,
786 3660 851 3705 non
874 3659 919 3705 ex
941 3645 1056 3703 nostro
1076 3638 1255 3719 Septimio,
1269 3644 1333 3707 sed
1348 3663 1392 3707 ex

304 3738 427 3802 Graeco
442 3738 575 3819 Dictys,
590 3756 685 3822 quem
699 3738 811 3819 ipsum
827 3741 925 3805 vertit
940 3737 1057 3802 Latine
1071 3738 1268 3820 Septimius,
1279 3750 1313 3807 et
1327 3745 1393 3808 bac

303 3838 339 3901 in
360 3845 463 3919 parte,
480 3855 555 3918 quae
583 3837 625 3900 de
656 3837 762 3903 reditu
786 3839 982 3904 Graecorum
1011 3840 1142 3918 agebat,
1167 3844 1333 3906 contraxit
1358 3845 1393 3906 iu

302 3939 493 4021 Epitomen,
506 3942 540 3999 et
560 3936 635 4000 ideo
657 3937 778 4015 minus,
799 3940 888 4022 quod
913 3938 956 4001 ad
979 3937 1071 4002 filum
1090 3939 1252 4005 Historia
1274 3950 1310 4004 et
1333 3962 1391 4006 se·

303 4041 383 4106 riem
397 4056 520 4112 rerum,
534 4055 609 4100 cum
624 4036 749 4103 Malela
763 4045 797 4102 et
811 4037 964 4103 Cedreno
981 4039 1058 4103 istic
1072 4042 1231 4123 congrait·
1247 4028 1250 4033 ¹

348 4155 449 4205 xxii.
467 4138 537 4204 Ista
551 4142 663 4204 autem
677 4139 813 4206 uberius
824 4139 925 4224 paulo
939 4148 974 4207 et
984 4140 1154 4223 copiosius
1165 4139 1393 4205 demonmmre
