3144 4982
474 410 521 456 nn
544 409 665 457 nunno
689 409 960 473 unumunurn.
983 413 1023 458 rr.
1223 400 1288 473 lut,

189 547 483 625 Maeandriomm,⁴
505 551 566 633 qui
588 550 723 613 domini.
741 549 891 615 civitatis
919 551 1019 634 ejus,⁵
1041 553 1157 618 fideles
1185 563 1295 639 atque.

191 650 387 712 amicissimi
401 651 502 714 nobis
517 652 567 714 ad
582 651 648 712 hoc
663 654 793 731 tempus
811 663 1072 732 permanserant.
1115 653 1197 736 [lt]
1221 658 1287 721 Ea·

194 747 271 811 dem
288 754 484 833 tempestate
499 750 670 813 oraculum
688 750 823 833 Pythii⁰
838 751 970 816 Graecis
983 755 1152 835 perfertur,
1168 776 1286 822 conce·

195 848 340 912 dendnm
350 851 394 912 ab
408 850 570 927 omnibns
581 851 629 914 uti
638 871 694 933 per
703 851 919 916 Palamedem
928 851 1081 936 Apollini
1096 856 1285 923 Sminthior
1331 938 1334 945 Ἰ

195 950 397 1015 sacrificium
407 950 634 1016 exhiberetur:
649 973 723 1035 quae
734 973 788 1017 res
799 955 913 1018 multis
928 963 1022 1036 grata
1032 957 1075 1019 ob
1088 958 1287 1025 industriam

195 1050 1283 1133 otamoremviri,qnemcircaomnemexercitumexbibebatnou-

194 1151 295 1214 nubis
309 1152 430 1216 ducum
444 1152 546 1216 dolori
562 1154 637 1217 snit.
672 1154 828 1218 Ceterum
843 1156 1030 1220 immolatio
1043 1164 1173 1223 centurn
1186 1162 1283 1224 ricti-

191 1272 330 1330 marum,
348 1255 448 1319 sicuti
463 1256 658 1338 praedictnm
674 1264 757 1333 erat,
775 1275 835 1339 pro
849 1265 970 1321 cuncto
984 1260 1131 1323 exercitu
1146 1260 1283 1324 exhibe·

188 1355 992 1440 batur,praeeunterryse‘¹lociejus'sacerdote.
1014 1360 1149 1424 Interim
1160 1381 1282 1444 recog·

187 1458 259 1519 nita
273 1456 474 1533 Alexander,
491 1466 689 1539 congregata
702 1464 902 1523 armatorum
918 1479 1029 1538 manu,
1045 1462 1087 1526 ad
1104 1462 1281 1545 probiben-

190 1556 270 1619 dnm
283 1556 370 1619 venit
381 1577 389 1620 r
400 1576 475 1620 eum
486 1558 554 1621 duo
568 1557 717 1640 Ajaces,⁶
733 1560 924 1642 priusquam
935 1560 975 1625 ad
993 1562 1153 1644 tempium
1165 1581 1281 1647 appro-

188 1658 371 1739 pinquaret,
383 1656 563 1723 intersectis
578 1661 730 1742 plurimis
744 1660 912 1743 fugavere.
935 1661 1000 1725 Sed
1012 1663 1170 1745 Chryses,
1183 1684 1280 1744 quem

188 1759 400 1823 sacerdotem
424 1760 580 1824 Sminthii
605 1759 776 1842 Apollinis
802 1762 1087 1844 supradiximus,
1109 1765 1282 1848 utriusque

187 1861 356 1924 exercitus
383 1859 565 1923 offensam·
587 1863 747 1937 metuens,
777 1862 948 1941 qnisqne⁷
973 1862 1115 1939 partium
1142 1862 1281 1927 adeum

187 2177 391 2241 peruenisse-t
410 2175 418 2203 ⁴
431 2174 674 2235 (tiliamentum,
687 2175 816 2223 Nsnsdrosr
827 2175 941 2237 junctim
950 2182 1074 2224 memorat
1086 2174 1198 2237 Plinius,
1209 2188 1234 2224 v.
1246 2179 1286 2225 tu.
1372 2218 1377 2225 ,

193 2242 235 2290 Es
249 2240 390 2301 Stephano,
402 2252 472 2296 vero,
483 2241 602 2287 Toronen
617 2238 642 2286 iu
657 2238 771 2303 Trosde,
789 2240 902 2303 itemque
914 2240 1062 2289 Neandrinm
1073 2239 1128 2287 sire
1140 2239 1286 2289 Nemdriam

190 2304 275 2352 sitisse
288 2309 400 2351 constat.
433 2303 482 2354 Qut
498 2303 643 2351 Neandriom
653 2303 732 2351 etism
744 2303 854 2352 subinde
864 2304 991 2366 corrumpi
1004 2304 1197 2365 ascriptoribus
1213 2315 1285 2353 nota-

191 2369 231 2416 vit
249 2369 275 2414 in
296 2366 447 2415 baudrinus.
480 2366 575 2416 Strnbo
595 2374 623 2416 et
640 2368 733 2430 Scylax
748 2367 878 2417 Neandria
895 2367 1030 2417 Cebreneu
1046 2369 1174 2432 jungunt:
1191 2369 1216 2417 in
1234 2386 1283 2433 qus

186 2432 320 2480 nominum
335 2432 460 2481 verietate
472 2430 627 2480 tutissimum
640 2433 721 2480 visum
738 2442 777 2480 est
790 2432 831 2480 hic
844 2432 905 2480 nibil
917 2438 1026 2481 mutare.
1060 2433 1132 2481 bled.
1145 2442 1171 2480 et
1189 2435 1283 2483 Vener.

186 2510 236 2559 pro
251 2495 436 2544 Moeoadriorusr
448 2495 571 2545 exhibent
582 2494 778 2544 Mensdriorsm'
795 2496 971 2546 Obrecht-s
989 2498 1082 2547 Venet.
1094 2497 1157 2547 Cori.
1170 2500 1210 2560 qui
1227 2514 1282 2547 cos·

186 2560 287 2609 termini
295 2561 341 2608 cin.
351 2560 459 2619 siris-d
475 2558 574 2623 Delpb.
584 2575 651 2623 quem
661 2562 753 2623 quidus
763 2560 848 2620 Mures
858 2563 960 2611 duc—⁷
979 2562 1071 2625 Dslpb.
1082 2562 1195 2626 quinquin
1217 2565 1282 2613 Vin·

680 2736 784 2788 NOTAE

219 2865 233 2891 0
249 2857 376 2906 onaan
388 2853 485 2917 Pythis]
509 2852 634 2915 Apollinis
646 2851 712 2901 scili·
754 2865 896 2901 remersus
914 2853 1029 2916 Chrysa,
1044 2855 1089 2903 ubl
1108 2870 1166 2904 cum
1184 2854 1281 2905 sacriti-

189 2939 243 2982 srt.
274 2932 309 2981 lit
320 2930 451 2980 arsenium
462 2927 526 2977 illud
538 2926 618 2977 fuisse
630 2929 715 2991 suspi·
754 2933 859 2975 cessent
870 2926 969 2987 Greci,
985 2925 1099 2976 furtorum
1111 2938 1168 2977 eret
1180 2938 1208 2978 ut
1223 2931 1281 2979 hos·

189 3018 242 3064 tor,
250 3022 301 3073 qno
312 3005 416 3057 (tracis
424 3003 576 3054 edicebatur
585 3018 628 3052 sos
638 3002 715 3051 llinm
756 2999 819 3049 tiunr
831 3001 987 3062 potirentur,
1003 3001 1041 3046 sin
1052 3000 1227 3061 vero,lrustrs
1238 3018 1280 3051 co·

189 3096 240 3132 non
263 3089 342 3132 untes
361 3093 509 3135 eversuros,
536 3091 613 3142 quern
638 3089 718 3139 supro
756 3083 831 3127 totns
844 3073 994 3123 exercitus.’

191 3140 294 3220 Chrysa
312 3170 384 3206 crsrn
403 3153 606 3202 sscriticsssent.
639 3147 716 3201 Quod
796 3146 932 3209 »Apollini
953 3146 1086 3210 Sininthio]
1113 3146 1157 3196 Sic
1176 3146 1283 3199 dictos

191 3244 223 3280 ss
244 3233 325 3293 ipsius
352 3230 509 3279 Philoctete
531 3224 618 3275 verbis
639 3221 716 3273 facile
755 3221 880 3276 muribus,
899 3221 943 3286 qui
961 3221 1282 3283 Cretensibusdictisptr-

191 3304 307 3367 colliges,
335 3303 405 3365 apud
432 3303 540 3351 Dionem
564 3300 715 3363 Chrysosto·
755 3302 799 3351 tos.
827 3297 909 3361 Hujus
921 3297 1078 3361 cognominis
1090 3298 1212 3347 rationem
1222 3300 1283 3350 vide

191 3391 271 3435 muns,
296 3377 338 3440 qui
358 3390 392 3424 ex
413 3376 540 3439 Euripidis
562 3374 715 3424 Philocteta
756 3372 825 3437 apud
836 3372 922 3423 Strab.
934 3385 1002 3422 xrrr.
1021 3381 1048 3422 et
1067 3374 1187 3425 Euststh.
1207 3376 1240 3427 lt.
1251 3383 1281 3426 tt.

190 3451 291 3506 sebois,
308 3449 448 3514 quesnois
460 3464 508 3499 non
520 3449 715 3511 eirctfflniloc·
756 3451 881 3514 templum
901 3448 1030 3512 Apollinis
1051 3450 1167 3501 Sminthii
1186 3450 1235 3503 fnit
1255 3454 1281 3502 in

190 3516 343 3576 tetem'curn
352 3524 443 3586 Ulysss
455 3524 558 3574 absente
569 3525 715 3588 colloquen·
755 3528 855 3590 Chryso
865 3523 974 3573 Troadis
991 3524 1066 3585 urbe,
1081 3532 1108 3575 et
1126 3526 1153 3574 in
1168 3526 1281 3576 Tenedo.

189 3608 246 3651 tem
263 3599 378 3647 inducit:
395 3596 486 3663 ὀπερ
495 3599 578 3661 ἀμέλει
590 3597 650 3659 etot
668 3596 715 3660 iti·
756 3603 797 3651 De
808 3600 886 3664 priori
899 3599 1012 3664 loquitur
1023 3600 1126 3664 Dictys.

188 3681 273 3737 mor,
293 3672 350 3736 trip
367 3676 410 3731 ris
427 3678 504 3732 κοινῆς
514 3674 631 3736 cmnpins
640 3673 716 3723 recol
788 3683 800 3718 t
817 3675 917 3739 Chryse]
934 3677 976 3724 De
987 3690 1038 3740 quo
1051 3676 1157 3727 Homer.
1169 3676 1241 3726 lid.

186 3751 255 3807 sinam
281 3747 435 3811 :werino
459 3752 515 3808 risle
543 3752 575 3814 τῇ
601 3750 717 3814 ξυμφορᾷ,
789 3750 1153 3813 'munacianensis

186 3823 718 3889 &wbmsirxfisprflapimblvsdrres
789 3828 947 3890 ’Utriusque
963 3830 1080 3876 exuritur
1097 3827 1223 3892 ffeascm]
1248 3830 1281 3878 Id

185 3900 425 3965 metumtot
441 3905 489 3950 scir
506 3900 634 3963 retentor,
652 3899 674 3950 ri
691 3899 718 3949 li
758 3911 815 3952 est:
833 3900 955 3952 offensem
973 3916 1048 3965 quam
1065 3899 1162 3950 inferre
1178 3911 1281 3965 poterat

184 3976 590 4040 „emmeramme
617 3979 716 4028 idest:
757 3978 1019 4042 uterquesxercitus.
1052 3976 1282 4039 Itsapurltlornr.

183 4054 486 4117 ‘Oatppsesrtcetnre
504 4055 655 4116 exposuisti,
673 4054 716 4117 qui
756 4054 867 4102 ‘virinus
894 4049 1025 4111 Achillei,'
1050 4065 1107 4113 pro,
1128 4053 1219 4100 cultius
1247 4055 1281 4101 sb

185 4142 233 4191 pro
250 4130 380 4178 communi
401 4126 487 4176 seinte
499 4133 525 4174 et
538 4127 645 4177 victorin
659 4129 718 4177 truie
757 4127 856 4179 Achille
870 4128 978 4176 illarum.
1010 4125 1060 4172 Vel
1081 4126 1166 4189 potius
1183 4134 1282 4174 utrum·

186 4204 329 4253 cslsnitcti
349 4200 503 4263 inciderant,
522 4214 580 4250 cum
597 4203 717 4253 ostende·
757 4218 806 4267 que
819 4202 963 4253 exereitum
974 4197 1105 4248 offerrders
1117 4207 1242 4249 metuens.
