3200 4972
478 406 527 453 nn
549 405 667 453 nunno
690 404 863 453 rnorano
889 404 962 454 nra.
986 404 1037 454 vr.
1229 388 1297 456 287

196 547 424 615 vehementius
438 554 578 630 perstat,
601 554 636 610 et
650 567 670 610 e
684 546 815 611 diverso
831 547 1010 629 repellitur,
1034 548 1179 611 clamare
1202 549 1291 611 occi·

197 650 260 732 pit,
284 648 454 730 indignum
478 650 621 726 facinus,
646 648 814 730 prohiberi
828 669 867 712 se
890 669 913 713 a
934 649 1078 731 parentis
1098 649 1294 731 complexu.

199 750 254 812 lta
268 749 416 812 credito⁹
429 749 630 829 Telegonum
647 750 691 813 ad
707 749 909 813 inserendam
926 751 992 813 virn
1015 751 1086 831 regi
1101 750 1295 827 adventare,

199 850 311 912 acrius
333 850 513 913 resistitur:
547 850 627 913 nulli
649 851 774 931 qnippe
799 858 1016 931 compertum,
1045 869 1121 913 esse
1150 850 1291 914 alterum

199 950 302 1014 etiam
327 948 445 1034 Ulyssi
469 951 593 1015 filium:
616 958 674 1015 at¹
691 950 839 1035 juvenis,
862 951 919 1013 ubi
946 970 983 1014 se
1006 950 1235 1014 vehementius
1260 959 1295 1015 et

199 1052 342 1132 pervim
363 1052 483 1135 repelli
497 1052 596 1127 videt,
618 1051 729 1116 dolona
743 1052 851 1114 elatus
865 1050 988 1115 multos
1002 1050 1177 1114 custodum
1192 1052 1293 1115 inter-

200 1149 283 1228 fecit,
311 1160 370 1216 ant
397 1154 539 1233 graviter
567 1154 757 1217 vulneratos
786 1151 951 1216 debilitat.
995 1150 1082 1229 Qnae
1109 1159 1293 1234 postquam

202 1251 318 1335 Ulyssi
334 1255 467 1337 cognita
483 1261 569 1332 sunt,
583 1256 782 1318 existimans
798 1252 957 1336 juvenem
973 1271 995 1315 a
1009 1252 1210 1317 Telemacho
1232 1253 1294 1315 im·

199 1355 352 1431 missum,
381 1373 535 1434 egressus
560 1355 723 1430 lanceam,
746 1373 847 1436 qnam
872 1354 919 1416 ob
940 1354 1075 1418 tutelam
1101 1355 1154 1418 sui
1184 1372 1294 1435 gerere

199 1461 428 1533 consueverat,
457 1455 631 1519 adversum
655 1454 858 1536 Telegonum
885 1453 1064 1537 jaculatur.
1106 1453 1171 1521 Sed
1199 1459 1293 1535 post-

200 1574 300 1638 quam
321 1554 512 1637 hujusmodi
535 1556 640 1622 ictum
665 1556 802 1639 juvenis
826 1575 907 1618 casn
933 1555 1080 1639 quodam
1104 1555 1294 1637 intercipit,n

200 1656 277 1738 ipse
300 1656 332 1719 in
352 1664 524 1739 parentem
549 1657 675 1739 insigne
695 1655 845 1738 jaculum
872 1657 1003 1732 emittit,
1027 1655 1293 1720 infelicissimum

201 1775 317 1821 casum
343 1757 499 1820 vnlneri²
529 1755 805 1837 contemplatus.⁰
848 1754 896 1817 At
918 1756 976 1817 nbi
997 1757 1067 1818 ictu
1089 1775 1130 1819 eo
1154 1754 1294 1839 Ulysses

201 1857 359 1933 concidit,
384 1858 542 1937 gratulari
558 1876 631 1919 cnm
648 1856 791 1931 fortuna,
814 1856 1028 1937 confiterique
1041 1859 1166 1937 optime
1182 1877 1294 1922 seeum

203 1961 313 2020 actum
327 1957 418 2037 quod
442 1956 584 2035 pervim
599 1955 729 2017 externi
744 1954 887 2017 hominis
901 1956 1108 2030 interemtus,
1123 1956 1295 2036 parricidii

203 2055 330 2118 scelere
352 2053 592 2118 Telemachum
620 2053 829 2115 carissimum
860 2053 923 2115 sibi
947 2052 1164 2116 liberavisset.
1207 2054 1296 2117 Dein

203 2153 367 2233 reliquum
397 2153 505 2216 adbuc
525 2158 689 2216 retentans
714 2153 879 2233 spiritum,
902 2152 1060 2234 juvenem
1084 2155 1295 2233 percunctari

205 2252 369 2334 quisnam,
385 2258 419 2316 et
433 2272 478 2315 ex
492 2272 558 2337 qno
573 2261 667 2316 ortus
682 2253 768 2329 loco,
782 2261 840 2316 se³
857 2253 947 2316 domi
960 2250 1113 2335 belloque
1121 2252 1296 2336 inclytum?

206 2352 364 2434 Ulyssem
385 2351 517 2419 Laertae
533 2352 636 2416 lilium
651 2353 835 2417 interlicere
858 2372 960 2417 ausus
984 2362 1086 2416 esset.
1124 2353 1214 2416 *Tum
1230 2353 1295 2418 Te·

202 2453 344 2536 legonus
368 2440 696 2536 cognitoparentem
726 2474 815 2531 esse,
842 2462 982 2537 utraque
1005 2473 1105 2517 mann
1128 2454 1295 2519 dilanians

205 2560 320 2636 capnt,
340 2551 449 2616 fiotum
467 2554 537 2616 edit
551 2573 651 2636 qnam
665 2554 897 2631 miserabilem,
913 2554 1059 2617 maxime
1074 2555 1295 2619 discruciatus

205 2653 248 2715 ob
262 2652 389 2715 illatam
407 2672 467 2734 per
481 2672 517 2715 se
531 2654 617 2735 patri
632 2673 756 2719 necem.
800 2654 919 2738 Itaque
928 2654 1059 2737 Ulyssi,
1071 2657 1120 2721 uti
1132 2657 1295 2733 voluerat,

205 2771 324 2815 nomen
340 2772 435 2816 suurn
452 2759 552 2834 atque
568 2755 697 2831 matris,
722 2755 862 2818 insulam
888 2763 1044 2839 quoque4
1068 2756 1101 2820 in
1118 2776 1187 2841 qua
1202 2764 1294 2820 ortos

205 2862 302 2931 esset,
332 2861 366 2918 et
401 2854 445 2919 ad
480 2861 685 2937 postremum
722 2855 850 2937 insigne
877 2856 987 2940 jaculi
1026 2858 1182 2921 ostendit.
1240 2857 1295 2921 Ita

206 2951 359 3037 Ulysses,
383 2957 441 3019 ubi
463 2956 529 3019 rim
555 2958 774 3038 ingruentium
799 2958 1004 3019 somniorum
1028 2956 1294 3038 praedictumque

206 3054 250 3116 ab
278 3054 511 3138 interpretibus
535 3056 614 3119 vitae
641 3055 767 3120 exitum
792 3055 902 3118 animo
926 3054 1119 3118 recordatus
1145 3060 1207 3131 est,
1225 3054 1297 3117 rol·

665 3265 836 3286 ΜΜΜΝ

240 3408 367 3470 ancipit.
377 3416 404 3457 et
415 3408 663 3471 vulgandum-1
682 3412 777 3475 Delpb.
793 3412 905 3463 dria-2
921 3409 1043 3474 Vindiug.
1055 3408 1191 3473 legendum
1208 3417 1298 3458 retiret

209 3473 383 3521 cubanti-8
403 3469 472 3520 Ante
483 3472 706 3538 rebabetDelpb.
718 3477 815 3539 qni-⁴
833 3477 917 3526 Deest
928 3476 954 3524 iu
974 3476 1067 3538 Delplr.
1084 3487 1181 3539 owner,
1196 3480 1223 3523 et
1238 3487 1296 3523 mox

209 3551 254 3600 qne
265 3545 323 3599 port
332 3539 456 3597 macedo.

702 3676 808 3729 NOTAE

209 3819 271 3873 Seni
288 3824 373 3868 autern
393 3821 535 3871 nocumenti
552 3821 665 3885 parenti,
682 3822 734 3886 lori
773 3823 1065 3880 latnrbanrtnrniuirse.

211 3909 286 3957 qrreur
296 3895 437 3958 querebat,
448 3897 540 3946 malurn
550 3897 657 3948 immisit
667 3913 734 3949 mor·
806 3909 820 3943 ν
839 3901 912 3949 Domi
932 3900 1033 3962 bellom
1059 3897 1186 3961 inclytum]
1215 3896 1297 3952 Doni,

212 3972 284 4020 Μ’
774 3974 933 4031 subanditur,
947 3980 1063 4037 tmporer
1079 3980 1106 4021 et
1123 3972 1165 4019 bic
1176 3968 1297 4018 ‘domur'

244 4053 256 4079 ¹
272 4046 410 4110 latercipit]
429 4046 540 4108 Gallice,
550 4048 671 4101 werrae.
773 4057 913 4114 usurpatur
924 4063 972 4111 pro
983 4061 1056 4110 pace.
1089 4044 1141 4095 Alii
1159 4043 1249 4093 melior
1261 4042 1299 4090 di·

243 4122 463 4182 ⁰laselirissimm
480 4136 558 4172 eamn
574 4125 665 4173 velud
684 4138 738 4174 eos·
774 4121 943 4180 eont,‘domi
955 4117 1085 4183 bellique·

208 4199 347 4264 rapum]
377 4195 529 4262 Lycophrou
541 4198 640 4264 scribit,
648 4198 735 4263 Utyrrl
1094 4214 1097 4220 ·

421 4298 440 4323 Ο
