3196 4976
302 416 369 482 224
652 427 812 477 nidulos
836 427 1042 478 cnurnrlffls

303 572 358 638 his
373 590 448 657 qum
461 569 730 645 consensissenw
752 588 859 653 neque
883 573 928 635 ub
951 590 992 635 eo
1015 564 1129 635 divelli
1151 573 1209 634 eut
1230 568 1389 646 omittere3

306 670 437 759 qnoed⁴
450 668 654 747 Alexander,
663 670 785 734 librato
800 671 911 752 gladio
921 690 1129 755 procurrens,
1141 689 1295 736 euersum
1310 670 1390 757 hos-

304 783 369 839 tem
382 790 443 854 per
455 776 630 852 uirumque
649 771 738 835 letus
760 772 929 852 geminato
948 772 1037 836 ictu·
1058 771 1229 851 transfigit
1271 767 1320 833 At
1333 769 1392 835 nbi

304 865 525 937 dissolutum‘
541 871 732 936 vulneribus
747 871 1125 955 animadverteremus
1140 872 1209 936 ulia
1223 890 1323 956 quum
1336 891 1393 935 re·

303 978 433 1048 nerunt,
447 978 618 1055 proruunt.
663 969 802 1054 Reque⁵
828 971 877 1035 itu
892 972 1039 1035 maxima
1053 978 1087 1036 et
1101 992 1202 1055 super
1217 980 1296 1037 vote
1321 990 1393 1036 orn·

303 1073 394 1137 nium
419 1072 581 1156 perfectu,
603 1070 829 1136 in'ciriictem
852 1078 1033 1136 recurrunt.
1078 1071 1159 1150 Quo
1174 1071 1269 1137 νίεο6
1291 1073 1393 1156 Ulys-

306 1193 373 1252 ses,
401 1173 504 1238 ‘Non
525 1179 648 1237 temere
670 1169 741 1243 eet'
764 1171 881 1254 inquit,
907 1171 1018 1254 ‘quod
1033 1172 1066 1236 hi
1080 1172 1202 1237 turbati
1217 1190 1259 1235 ac
1272 1172 1395 1253 trepidi

306 1273 671 1358 repenieprosilivere!
714 1271 805 1335 Dein
827 1272 966 1353 ingressi
983 1272 1107 1348 lucum,
1123 1271 1393 1354 circumspiciam

306 1381 419 1458 terque
448 1376 615 1449 universe,
642 1371 905 1437 animadvertunt
928 1372 1096 1436 Achillem
1122 1379 1263 1436 stratum
1290 1371 1393 1447 humi,

307 1493 519 1558 exsanguem,
531 1481 632 1556 etque
640 1472 810 1538 etiamtum
818 1474 1030 1538 seminecem.
1059 1473 1144 1537 'l‘um
1156 1471 1394 1555 AJnx,‘Fuit,'

306 1575 421 1656 inquit,
436 1572 695 1648 ‘confirmatum
710 1591 751 1637 sc
766 1592 880 1638 rerum
894 1594 952 1657 per
962 1572 1131 1650 mortales,
1143 1573 1268 1637 nullum
1287 1572 1395 1637 homi·

307 1693 385 1738 num
411 1673 578 1750 existere,⁷
605 1673 662 1755 qui
691 1679 723 1736 te
748 1688 830 1737 reru
855 1673 974 1738 virtute
999 1682 1193 1757 superaret:
1223 1673 1296 1750 sed,
1323 1672 1395 1737 uti⁸

306 1775 419 1858 pulum
446 1781 508 1851 cst,
537 1778 594 1838 tue
623 1780 658 1837 te
683 1774 874 1840 inconsulta
901 1776 1067 1841 temeritas
1096 1772 1263 1859 prodidit?
1307 1772 1395 1837 Dein

307 1875 468 1952 Achilles,
477 1879 660 1939 extremum
671 1871 780 1937 adhuc
795 1879 962 1938 retentans
978 1875 1143 1957 spiritum,
1157 1874 1269 1938 ‘Dolo
1280 1892 1334 1936 me
1347 1878 1397 1936 ei·

309 1994 374 2059 que
385 1973 536 2051 insidiis,'
547 1974 665 2056 inquit,
676 1977 686 2006 ‘
698 1972 895 2056 Deiphobus
904 1979 1005 2057 utque
1018 1973 1206 2038 Alexander
1215 1974 1397 2057 Polyxenus

310 2073 694 2158 grutiadrcumrenere?
730 2072 819 2137 Tum
830 2074 1035 2154 expirantem
1047 2094 1125 2138 eum
1135 2075 1237 2140 duces
1249 2072 1399 2156 amplexi

310 2195 388 2240 cnm
402 2191 521 2256 magno
534 2173 669 2254 gemitu,
691 2181 794 2255 utque
817 2172 1005 2238 exosculnti
1025 2182 1225 2257 postremum
1242 2173 1398 2238 selutrmt.

311 2275 466 2355 Denique
480 2272 574 2355 Ajex
588 2274 775 2351 exanimem
794 2272 866 2353 jam
880 2272 1027 2337 humeris
1042 2274 1212 2339 subletum
1226 2292 1246 2336 e
1261 2259 1338 2336 luco
1352 2271 1400 2335 ei·

309 2371 383 2434 sert.
426 2370 509 2452 [12]
532 2369 634 2448 Quod
649 2371 706 2433 ubi
720 2368 982 2435 animadvertere
997 2371 1146 2453 Trojeni,
1167 2391 1279 2436 ornnes
1298 2371 1399 2435 simul

311 2689 519 2738 consensisset-i
535 2675 634 2750 Deiph.
653 2687 716 2748 Quo,
736 2694 762 2736 et
779 2701 849 2748 mos,
870 2690 1024 2737 edeam-t
1043 2689 1183 2740 Omittilur
1200 2691 1291 2740 rocrris
1312 2707 1356 2756 oss
1373 2695 1399 2744 lu

313 2751 456 2814 noph-e
471 2750 566 2813 Delph.
577 2760 605 2799 et
616 2751 693 2810 vulpe
702 2764 760 2813 piros
769 2751 847 2808 uisosr
865 2762 978 2801 nostrum
998 2754 1134 2802 lectionem
1147 2754 1261 2804 restitnit
1274 2756 1399 2807 Obrecht.

313 2830 346 2865 es
357 2815 429 2865 bied.
440 2815 554 2865 cod-i
572 2814 638 2865 Post
649 2815 761 2871 existere,
771 2815 835 2879 legit
851 2816 948 2880 Delph.
958 2817 1117 2878 proluisse-8
1135 2818 1229 2881 Deiph.
1240 2825 1285 2876 sir
1302 2830 1329 2869 el
1341 2835 1409 2871 mox*

801 2989 908 3040 NOTAE

346 3109 357 3134 e
374 3100 424 3150 Per
433 3107 556 3164 uirumque
566 3104 628 3151 laiss
643 3101 763 3162 muso
778 3099 840 3163 ictu]
880 3102 1254 3168 nisTrojsnorurnvegsreinr‚
1265 3105 1403 3159 aediceret

315 3175 367 3225 Alii
378 3176 494 3225 scribunt
502 3175 628 3225 Achillem
635 3174 732 3238 sugitis
742 3172 842 3224 conius·
880 3189 908 3225 se
919 3178 999 3226 scium
1015 3178 1116 3240 'l'rojem
1128 3191 1298 3241 expugnasse,
1309 3180 1403 3244 Apollo

314 3266 380 3313 sum,
397 3265 473 3315 quern
486 3250 644 3305 Alexander,
663 3255 722 3311 pust
741 3250 840 3297 simule·
882 3251 972 3312 lrstus,
984 3251 1159 3302 Alexandrum
1177 3253 1263 3303 Parim
1282 3268 1309 3303 se
1327 3257 1403 3306 simu·
1470 3314 1475 3319 ‚

311 3326 386 3373 trum
397 3325 524 3388 Apollinis
532 3325 626 3383 luleus,
635 3322 749 3371 immisit.
765 3320 842 3371 Unde
882 3327 1043 3384 leunisium,
1054 3341 1130 3390 quern
1141 3329 1272 3377 mortslem
1284 3329 1403 3381 imbuisse

316 3400 449 3459 vrrlgsrurn
466 3398 516 3446 init
533 3399 616 3460 ipsum
632 3397 778 3458 Apollinem
790 3397 843 3444 tels
881 3398 986 3462 dicitnr,
998 3400 1094 3462 sugitis
1106 3402 1233 3462 percussit
1249 3409 1276 3452 et
1289 3404 1405 3453 occidit!

316 3469 450 3518 direxisse.
483 3470 557 3531 Virg.
578 3484 615 3519 vr.
636 3468 693 3517 AEn.
714 3467 843 3528 ‘Phole
882 3470 919 3518 At
938 3470 1005 3521 idem
1026 3474 1088 3525 Feb.
1109 3479 1164 3524 11⁰.
1186 3476 1298 3542 ‘lisque
1320 3478 1403 3528 Dsnsi

317 3554 409 3606 preses
418 3541 503 3604 Trojre
515 3555 617 3606 semper
634 3543 753 3590 miserete
771 3541 842 3590 dolo·
882 3543 1040 3607 Polyxenam
1053 3548 1147 3595 Priami
1159 3547 1244 3611 tilium,
1263 3565 1320 3615 quse
1332 3553 1403 3615 virgo

317 3628 369 3674 res,
378 3613 501 3663 Dsrdsns
511 3614 555 3677 qui
567 3612 669 3662 Paridis
681 3611 776 3661 direxti
789 3613 843 3662 tels
882 3615 933 3668 suit
948 3616 1139 3682 formosissime,
1155 3634 1260 3687 propter
1277 3641 1352 3690 quesn
1367 3627 1403 3679 A·

317 3700 456 3751 munusque
467 3686 568 3748 Corpus
579 3687 605 3735 in
617 3684 747 3735 AEscidae!
787 3689 843 3738 Ds·
882 3692 969 3741 chilies
980 3707 1037 3741 cnm
1049 3704 1230 3759 eruperaet,
1244 3708 1272 3749 st
1283 3700 1315 3748 ed
1328 3701 1404 3751 collo-

318 3776 360 3811 res
376 3761 503 3825 Phrygius
520 3768 618 3822 usust,
637 3759 764 3811 Achillem
783 3777 842 3814 cum
881 3768 966 3830 quium
978 3768 1098 3830 venisset,
1105 3769 1139 3817 sb
1147 3769 1296 3824 Alexandro
1305 3783 1332 3825 et
1344 3776 1405 3825 Dei·

318 3835 603 3886 Antilocbodiueonrrs
611 3833 772 3886 insidietures
782 3853 844 3902 ρης·
882 3842 967 3905 phebo
977 3850 1017 3889 est
1028 3843 1138 3909 occisus,
1148 3845 1179 3893 sd
1192 3851 1338 3912 sepulcrum
1350 3844 1404 3914 ejus

318 3924 409 3972 nssse3
424 3911 469 3960 sed
489 3916 626 3974 utrumque
646 3911 750 3961 leudem
763 3913 797 3963 sb
808 3914 843 3961 A·
882 3930 939 3964 enm
949 3915 1159 3969 immolsverunil

318 3985 778 4050 lesendromultisplsgieconiosscs.
794 3990 843 4038 Lo·
913 3989 1097 4057 tonorum]
1120 3995 1235 4058 Optime.
1269 3999 1405 4064 Expressit

320 4077 377 4113 cunr
389 4061 440 4110 edi.
474 4059 593 4124 Hyginus
612 4074 702 4125 perum
720 4060 769 4111 sibi
782 4077 842 4112 cou-
881 4066 943 4116 iliud
955 4066 1133 4120 Homericum:
1150 4072 1211 4122 ilios
1221 4070 1248 4123 ri
1257 4076 1322 4135 γυῖα.
1333 4074 1404 4124 ‘Sol-

320 4145 389 4195 sist;
402 4136 438 4184 ils
447 4136 514 4184 sulm
522 4135 611 4186 scribit
620 4135 682 4186 Feb.
691 4140 746 4185 107.
757 4136 842 4187 ‘ilec-
883 4144 920 4192 vit
930 4143 1061 4196 membru!

321 4223 378 4265 tore
388 4215 490 4279 sepulto
500 4227 560 4265 cunr
570 4214 681 4265 Achilles
697 4215 765 4265 circs
781 4228 841 4264 moe·
