3052 4972
423 427 472 477 nn
495 423 676 475 rrrsronrs
701 423 813 474 neunt
837 419 1012 471 rnosrnr.
1215 409 1257 473 39

162 591 245 653 pag·
260 569 450 635 len-166.
472 566 616 648 deniqne
631 563 721 648 apud
737 563 920 628 cedrenum
932 565 965 626 in
983 562 1066 626 serie
1083 562 1258 630 Historicu

164 673 220 735 sui
235 669 444 753 Compendii.
489 668 675 747 Sequuntur
693 665 770 728 dein
792 663 863 740 alii,
884 663 1041 744 pleraque
1060 663 1174 726 itidem
1190 668 1257 730 sin·

166 771 308 850 gularia,
323 777 359 832 et
371 771 461 832 inter
479 785 516 828 se
533 765 686 829 tamenin
706 764 799 827 hisce
814 764 1007 827 auctoribus
1026 765 1253 844 congruentia,

164 870 275 933 veluti
296 868 338 932 de
367 871 474 930 morte
503 863 634 927 Paridis
665 864 770 927 tribus
802 848 993 926 vulneribus
1019 882 1041 927 a
1066 863 1256 929 Philoctete

164 969 345 1045 vulnerati,
358 973 391 1031 et
404 968 555 1030 insecuta
569 964 718 1027 OEnones
733 970 849 1041 morte,
865 965 907 1026 de
924 964 1078 1047 prodigio
1097 964 1253 1042 infausto,

166 1067 260 1150 qnod
285 1066 441 1149 Trojanis
463 1065 539 1127 dein
557 1065 741 1140 obvenerit,
761 1063 804 1126 de
826 1064 995 1145 legatione
1010 1063 1190 1128 Antenoris
1210 1067 1253 1130 ad

165 1167 323 1244 Grecos,
333 1169 376 1230 de
401 1166 554 1256 pactione
581 1165 667 1226 inter
695 1162 837 1226 Graecos
862 1171 897 1226 et
918 1164 1091 1246 Trojanos,
1114 1166 1253 1247 turpiter

163 1261 318 1348 proditos
334 1269 378 1331 ab
402 1267 576 1338 Antenore,
590 1271 624 1326 et
638 1264 798 1346 deceptos
806 1263 1021 1346 jurejurando
1043 1263 1251 1340 Graecorum,

162 1367 204 1432 (le
217 1368 276 1431 lite
296 1368 382 1430 inter
398 1365 555 1447 Ulyssem
570 1369 604 1426 et
615 1362 768 1444 Ajacem,
782 1383 846 1426 non
857 1363 898 1426 de
913 1361 1012 1428 armis
1024 1362 1179 1442 Achillis,
1193 1366 1252 1429 sed

164 1467 207 1530 de
221 1466 392 1543 Palladio,
413 1465 557 1546 denique
572 1465 615 1526 de
628 1447 713 1526 nene
723 1462 844 1543 Ajacis
860 1471 964 1527 noctu
980 1465 1013 1527 in
1036 1466 1174 1528 tentorio
1189 1485 1251 1528 suo

165 1568 278 1642 noeisi,
292 1587 359 1629 non
372 1584 436 1628 suu
450 1583 562 1639 manu,
578 1563 730 1628 seudolo
747 1562 893 1646 Ulyssis,
908 1566 1012 1646 quiet
1027 1566 1103 1629 ideo
1118 1585 1162 1629 ex
1176 1585 1249 1638 cas-

167 1668 228 1730 tris
243 1666 436 1731 Graecorum
451 1665 614 1745 aufugerit
628 1665 663 1726 in
678 1663 875 1726 Thraciam:
899 1684 973 1746 quae
996 1666 1109 1730 omnia
1130 1667 1250 1730 iterum

165 1765 406 1831 Nosterhabet
427 1767 483 1828 lib.
500 1781 550 1826 rr.
566 1770 651 1835 extr.
673 1770 707 1828 et
730 1769 802 1826 toto
826 1763 884 1825 lib.
903 1779 936 1827 v.
982 1763 1124 1828 Mulelas
1139 1773 1250 1830 autem

164 1868 198 1929 in
222 1869 371 1931 oratione
387 1865 520 1948 Ulyssis
541 1864 584 1926 ad
607 1863 747 1927 Graecos
770 1863 810 1925 de
836 1861 985 1927 Palladio
1008 1885 1041 1947 p·
1058 1867 1248 1930 ltu-144.

165 1973 198 2031 et
212 1966 384 2032 cedrenus
405 1986 439 2046 p.
453 1965 528 2029 130.
544 1964 617 2028 131.
633 1964 706 2029 132.
751 1962 900 2026 Ceterum
921 1965 1046 2029 indicio
1066 1967 1139 2032 haec
1158 1973 1249 2044 sunt,

167 2069 232 2130 nisi
260 2067 360 2130 ualde
383 2066 489 2139 lallor,
514 2067 707 2142 certissimo,
733 2064 941 2128 verissimum
971 2085 1056 2140 esse,
1086 2067 1173 2146 quod
1204 2070 1252 2130 ait

170 2170 286 2227 noster
301 2163 492 2242 Septimius,
507 2181 552 2223 ex
574 2163 695 2227 Graeco
719 2165 902 2247 Scriptore,
929 2165 987 2244 qui
1012 2165 1156 2244 Dictyos
1172 2163 1252 2226 Cre·

170 2263 275 2326 tensis
296 2281 414 2324 nomen
435 2261 639 2342 praeferebat,
667 2264 766 2328 hosce
790 2263 923 2328 libellos
945 2263 988 2325 ab
1010 2283 1048 2326 se
1070 2281 1198 2339 versos,
1219 2269 1251 2327 et

166 2363 227 2426 illo
243 2362 378 2443 quidem
400 2363 484 2443 ipso,
501 2363 556 2443 qui
579 2382 600 2426 a
625 2365 863 2445 posterioribus
879 2363 1019 2440 Graecis,
1034 2381 1073 2426 ao
1099 2363 1250 2445 inprimis

163 2459 303 2537 Mulela,
317 2461 466 2541 cognitus
481 2460 542 2524 suit
553 2481 595 2526 eo
609 2464 753 2540 nomine,
764 2471 798 2529 et
812 2483 904 2546 saepe
916 2465 1045 2528 citatus.

208 2577 278 2625 xx.
300 2560 388 2624 Nam
411 2561 502 2643 quod
518 2561 676 2626 Barthius
690 2564 933 2645 suspicabatur,
947 2565 1090 2628 Graecos
1104 2584 1156 2643 eu,
1173 2584 1248 2648 quae

164 2663 311 2746 Dietyos
333 2663 466 2725 nornine
490 2664 606 2741 citant,
625 2663 787 2726 sumsisse
800 2683 843 2728 ex
863 2659 927 2727 hoc
949 2664 1069 2730 Latino
1092 2665 1247 2748 Septimii

162 2762 337 2846 opusculo,
365 2762 418 2825 vel
444 2761 510 2825 hoc
531 2764 640 2845 ipsum
667 2765 866 2844 opuseulum
889 2765 922 2827 in
948 2763 1104 2830 Graecam
1129 2771 1248 2848 postea

160 2863 306 2944 linguam
327 2863 539 2937 convertisse,
555 2861 589 2924 id
609 2861 762 2944 prolecto
787 2864 829 2926 ab
852 2864 941 2926 omni
967 2866 1035 2928 veri
1059 2867 1173 2947 specie
1195 2874 1249 2928 est

78 2989 82 2994 ·
160 2961 414 3036 alienissimum,
429 2980 504 3024 cunr
519 2965 633 3024 noster
644 2981 705 3025 sua
718 2982 754 3025 se
764 2964 907 3044 ipsume
921 2961 1044 3026 Graeco
1060 2967 1249 3038 venissest

160 3061 322 3126 nonnulla
350 3059 464 3126 Graeci
502 3063 647 3126 auctoris
674 3066 894 3140 contraxisse,
923 3063 1009 3125 ultro
1038 3065 1248 3144 profiteatur:

161 3182 240 3226 cum
254 3167 305 3225 tot
326 3163 360 3224 in
376 3180 417 3225 eo
431 3169 606 3224 occurrant
619 3163 747 3244 passim
761 3163 998 3240 Groecismi,ut
1020 3179 1123 3242 supra
1137 3165 1249 3224 osten·
1312 3243 1316 3251 ι

160 3262 284 3338 dimus,
297 3261 400 3324 immo
423 3267 457 3324 et
471 3261 638 3342 voopbule
652 3263 695 3325 ab
717 3264 795 3344 ipso
810 3265 949 3346 primurn
971 3281 1015 3326 ox
1039 3260 1162 3326 Graeco
1177 3278 1247 3324 ser-

161 3379 257 3425 mone
279 3380 441 3443 expressa
455 3370 489 3424 et
511 3360 662 3440 formata,
678 3364 778 3446 quale
801 3371 853 3426 est
871 3363 956 3426 illud
979 3363 1098 3428 ‘lovis
1113 3351 1249 3426 Anteae·

164 3459 314 3525 nilonis
326 3459 335 3487 '
348 3481 391 3524 ex
407 3461 496 3524 Jove
508 3462 645 3545 Ἐρκαίῳ,
660 3472 696 3526 et
707 3464 841 3537 similia,
857 3483 932 3544 quae
947 3465 1133 3528 versionem
1148 3463 1248 3546 liqui-

165 3559 210 3622 do
224 3561 413 3626 declarant:
437 3579 513 3623 cum
534 3571 647 3626 noster
668 3564 705 3625 iu
727 3565 797 3626 Sex
815 3563 934 3627 Libros
955 3563 1128 3628 historiam
1150 3563 1247 3628 rede-

164 3659 263 3740 gerit,
277 3680 372 3742 quam
398 3661 542 3725 Graecus
563 3663 713 3745 Scriptor
725 3683 846 3728 novem
861 3662 918 3726 vel
942 3663 1058 3727 decem
1074 3660 1173 3727 libris
1187 3683 1247 3728 ex-

161 3766 334 3841 posuerat,
357 3767 444 3824 teste
467 3762 589 3828 Suida:
612 3784 687 3828 eum
703 3765 817 3829 Graeci
841 3781 886 3826 ex
913 3782 973 3826 suo
997 3763 1120 3846 Dictys
1141 3765 1248 3827 multu

160 3857 315 3932 afferant,
329 3879 400 3939 quae
422 3863 457 3924 in
483 3869 596 3928 nostro
621 3885 686 3928 non
704 3866 920 3946 reperiuntur,
947 3863 1051 3926 veluti
1067 3863 1247 3927 characte-

157 3978 212 4025 res
237 3957 415 4022 Heroum:
437 3981 512 4026 oum
524 3963 669 4048 denique
690 3963 851 4040 Malelas,
863 3964 922 4045 qui
937 3964 1081 4045 lingnam
1096 3962 1248 4028 Latinam

157 4059 219 4121 vix
245 4055 428 4137 intellexit,
443 4067 479 4125 ut
498 4063 630 4127 aliunde
651 4065 810 4145 probarit
824 4062 1040 4127 Clarissimus
1062 4061 1196 4124 Hodins
1213 4064 1248 4124 in

151 4153 422 4241 Prolepomenis,
439 4180 482 4226 ex
498 4164 622 4244 Dietye
638 4163 791 4245 pleraque
813 4161 913 4244 hujus
933 4161 1080 4224 historiae
1096 4148 1247 4223 hausisse
