3208 4968
620 395 891 445 ocnicsuonis.
1228 384 1300 449 ‚355

468 542 561 606 Bene
577 559 680 624 quum
694 539 821 604 munita
834 544 945 602 tenere

299 641 399 706 Edita
413 641 564 708 doctrine
577 632 762 726 sapientum
778 631 909 724 templo
918 658 1045 705 sereno.
1069 638 1194 704 Locrst.

213 743 279 821 vel,
302 750 340 807 ut
353 741 462 807 Varro
476 743 619 818 dicebat,
638 738 780 821 legendo
802 745 834 803 et
856 740 1034 804 scribendo
1048 742 1153 807 vitam
1177 742 1300 824 produ·

213 864 286 907 cere
298 865 307 909 :
318 863 436 908 revers
451 843 501 906 illi
515 861 636 924 magns
649 840 807 924 voluptas
821 852 885 917 est,
900 842 1008 906 bonos
1018 850 1173 907 auctores
1190 844 1302 907 novis·

214 965 263 1020 se,
278 944 386 1028 major
405 943 615 1027 possedisse,
629 942 778 1007 maxime
797 943 917 1026 legisse
934 950 969 1007 et
989 945 1206 1027 pervolvisse,
1221 943 1302 1027 quid

214 1045 326 1109 dicam
340 1046 374 1109 in
387 1064 483 1109 usum
499 1045 662 1109 vertisset
706 1042 774 1109 Sed
788 1063 831 1107 no
847 1053 945 1107 extro
959 1045 1067 1123 oleas,
1083 1051 1129 1124 ot,
1145 1045 1236 1128 quod
1251 1034 1302 1108 di·

214 1147 308 1223 citur,
322 1147 448 1211 omisso
461 1149 590 1230 hypero
603 1146 725 1228 pedem
740 1145 861 1209 sectori
875 1143 1004 1221 videor,
1018 1147 1142 1230 accipe,
1151 1148 1202 1209 vir
1213 1165 1302 1229 mog-

182 1292 186 1304 .
215 1245 324 1324 nifice,
340 1247 497 1312 lsconum
520 1244 662 1311 Potitem
684 1245 973 1329 elegantissimum,
987 1246 1023 1308 in
1042 1265 1076 1311 re
1094 1248 1221 1329 vulgari
1235 1265 1303 1311 nou

214 1346 394 1428 vulgariter
408 1354 585 1424 versutum,
601 1347 699 1431 cujus
713 1364 833 1410 nomen
848 1352 897 1411 tot
913 1347 974 1411 viri
988 1347 1081 1412 docti
1098 1348 1201 1412 anxie
1215 1349 1304 1413 desi·

212 1445 381 1522 dotarunt,
394 1450 490 1533 cujus
503 1448 678 1513 sententiis
695 1467 777 1513 auro
802 1453 915 1511 contre
937 1449 1024 1513 curis
1048 1469 1110 1513 non
1134 1449 1304 1530 Philologi

71 1566 77 1577 ’
214 1555 354 1625 tontum,
368 1547 427 1613 sed
447 1555 480 1613 et
498 1546 579 1613 Jcti
603 1550 655 1613 usi
677 1556 763 1613 sunt.
808 1546 934 1613 Videat
957 1549 1063 1615 lucem
1087 1553 1149 1615 sub
1164 1549 1241 1614 lnce
1256 1550 1304 1613 tui

213 1650 369 1725 nominis,
385 1651 522 1734 quitum
546 1648 605 1713 diu
618 1649 652 1712 in
674 1648 819 1714 tenebris
834 1649 928 1714 nolio
944 1668 1007 1714 suo
1023 1651 1138 1715 merito
1154 1650 1303 1715 delituit:

214 1756 274 1814 tus
290 1749 383 1834 Meg.
399 1751 443 1816 od
458 1769 582 1816 novem
603 1751 713 1816 lucem
728 1749 897 1831 caliganti,
912 1748 1114 1835 χειραγωγίας
1136 1751 1306 1835 adiumen-

215 1858 284 1914 tum
308 1859 343 1917 et
366 1851 514 1917 savorem
530 1850 720 1934 indulgeat:
741 1868 783 1915 ec
804 1856 863 1914 tus
880 1850 1071 1914 humanitas
1085 1858 1150 1926 est,
1164 1850 1306 1927 utvelit,

213 1970 257 2014 ea
268 1951 452 2015 auctoritas
465 1958 502 2013 et
515 1947 674 2031 dignitas,
685 1954 721 2012 ut
733 1950 856 2031 possit.
878 1950 973 2013 Utin
989 1950 1085 2014 illuni
1098 1957 1195 2014 nocte
1209 1950 1308 2013 stelle

215 2049 326 2112 oriens
341 2049 528 2129 gratissimo
543 2054 616 2124 est;
639 2049 689 2111 sic
713 2048 748 2110 in
769 2046 882 2113 medin
901 2048 1053 2111 herberie
1069 2049 1166 2130 qussi
1184 2052 1307 2111 renstoe

215 2149 377 2231 placeant
391 2150 555 2213 stricturae
570 2148 779 2231 elefflntioris
796 2146 958 2231 poeticae:
987 2149 1063 2232 jure
1084 2150 1174 2213 enim
1192 2148 1308 2213 merito

216 2249 299 2314 illud
312 2250 460 2315 Menelai
475 2249 516 2313 de
531 2269 569 2314 se
582 2258 692 2332 neget,

301 2348 544 2434 Βεβαρβᾶρωραι,
556 2348 668 2437 χρόνιος
681 2347 719 2413 eis
732 2352 760 2412 is
773 2348 939 2434 βαρβάροις.
967 2346 1080 2432 Eurip.
1100 2347 1201 2415 Orest.

257 2451 314 2515 Ad
327 2469 380 2516 me
396 2450 488 2534 quod
502 2452 630 2529 attinet,
646 2452 766 2534 pignus
778 2451 842 2517 hoc
858 2450 972 2516 devoti
991 2452 1092 2515 enimi
1107 2452 1199 2534 opud
1216 2461 1307 2515 tuam
1407 2454 1411 2459 ’

218 2552 309 2634 Mag.
323 2552 475 2633 depono,
489 2571 567 2634 qnos
585 2552 615 2615 si
634 2550 717 2615 illud
740 2552 907 2632 acceperit
926 2557 1083 2635 tunquam
1106 2571 1225 2628 meum,
1245 2550 1307 2616 sed

216 2652 285 2736 ipsi
298 2652 459 2727 debitum,
476 2658 509 2716 ct
527 2651 712 2717 defenderit
731 2660 890 2735 tanquam
912 2670 1020 2728 suum,
1035 2652 1092 2716 sed
1115 2672 1136 2716 o
1157 2672 1209 2717 me
1231 2671 1308 2735 pro·
1399 2678 1405 2683 ·

216 2754 353 2829 sectum,
370 2758 546 2836 occeptum
559 2752 644 2816 iliud
660 2759 693 2817 et
707 2771 783 2819 uere
796 2758 969 2835 occeptum
983 2753 1150 2835 gaudebo:
1184 2756 1234 2819 sic
1247 2754 1271 2818 J
1273 2774 1309 2818 o·

216 2851 340 2937 scphus
351 2860 476 2932 noster,
498 2851 543 2915 isi
559 2854 621 2916 δυσὶ
637 2851 777 2939 ἀγκύραις
789 2852 927 2929 σαλεύων,
938 2853 1146 2917 commodius
1159 2854 1307 2931 hebebit,

346 2952 431 3019 Cum
448 2954 569 3018 melius
584 2955 651 3019 dno
667 2954 850 3018 defendant
863 2953 1045 3016 retinaculo
1057 2953 1179 3016 navim.

219 3054 314 3119 Deus
336 3059 428 3118 tunm
444 3053 585 3137 Magnis.
606 3055 804 3138 reipublicae
825 3052 956 3117 florenti
970 3051 1148 3129 florentem,
1162 3050 1308 3135 mihique

217 3153 383 3219 faventem
398 3154 455 3220 diu
471 3162 647 3221 conservet
662 3164 696 3222 ct
709 3155 866 3239 sospitet.

564 3407 792 3491 TnnMognif.

691 3607 749 3690 qui
764 3608 844 3673 colit
860 3610 895 3672 et'
908 3609 1055 3674 aestimet

849 3826 1008 3893 Ssuucc
1032 3828 1268 3892 Dossennus.
