3196 4976
484 463 533 509 nn
557 462 676 511 nunno
701 460 873 509 usurario
898 460 970 512 urs.
995 461 1035 511 ιι.
1242 448 1305 515 179

213 599 353 668 conferti
367 600 453 664 inter·
464 620 515 679 se,
529 605 629 682 utque
642 599 781 682 imperia
795 603 967 675 servantes
981 598 1213 665 eunt'obviam.
1236 602 1306 667 Sed

214 702 340 787 Ajaces
350 701 469 764 duo-in
478 701 687 783 aliquantum
699 698 794 763 acie⁶
809 701 989 783 progressi,
998 701 1120 783 primos
1133 699 1304 767 Thracum

211 802 374 869 invadunt
386 806 490 884 atque
506 801 706 884 opprimunt.
735 801 959 885 Deinreliqni
977 802 1093 880 duces,
1108 802 1301 885 utquisque

213 906 324 970 locum
339 908 486 985 ceperat,
501 902 632 967 caedere,
643 902 792 985 singulos
804 922 814 982 ;
828 909 863 966 et
876 902 934 966 nbi
949 901 1087 967 conferti
1099 911 1112 950 ⁷
1127 909 1300 981 steterant,

213 1004 286 1068 bini
299 1009 358 1069 aut
371 1003 518 1085 amplius
526 1005 727 1085 congregati,
739 1004 867 1086 impetu
883 1023 946 1069 suo
961 1004 1142 1068 dissolvere
1153 1024 1161 1068 :
1173 1022 1213 1068 ac
1224 1021 1304 1067 mox

214 1107 385 1188 dispersos
408 1105 625 1188 palantesque
650 1104 843 1182 interficere,
866 1124 1005 1187 prorsus
1027 1105 1074 1169 nti
1100 1105 1209 1168 nullus
1229 1103 1303 1168 reli·

123 1236 128 1241 ·
213 1203 417 1290 quuscaedis
432 1203 532 1269 fieret.
563 1203 617 1270 Ac
633 1206 747 1269 statim
759 1203 868 1282 Graii,
885 1194 1044 1278 extinctis
1053 1206 1109 1289 qui
1126 1203 1299 1271 adversum

192 1307 327 1385 'ierant
341 1306 437 1388 signo
452 1305 532 1370 dato
556 1306 600 1370 ad
621 1307 767 1371 tentoria
793 1323 907 1369 corum
928 1314 1078 1389 pergunt.
1121 1304 1171 1369 At
1184 1295 1305 1386 illiqui

211 1407 367 1473 custodes
388 1407 511 1471 castris
536 1406 645 1472 relicti
671 1404 736 1469 soli
762 1405 984 1488 supererant,⁸
999 1406 1082 1471 visis
1096 1409 1213 1471 contra
1226 1405 1306 1469 hos·

209 1508 313 1585 tibus,
326 1517 447 1589 terrore
461 1509 537 1590 ipso
550 1504 780 1571 miserandum
803 1507 837 1569 in
860 1506 997 1573 modum
1012 1507 1216 1583 effoeminali,
1233 1525 1306 1571 our·

213 1608 312 1671 nibus
328 1609 482 1673 amissisq
504 1608 549 1691 ad
571 1608 697 1672 moenia
719 1605 922 1688 confugiunt.
965 1606 1052 1672 Tum
1069 1608 1216 1690 undique
1230 1626 1303 1671 ver·

213 1727 274 1773 sus
287 1709 389 1772 nostri
404 1710 574 1785 irruentes,
586 1727 691 1785 arma,
705 1726 822 1790 equos,
837 1709 947 1791 regias
962 1727 1058 1790 opes,
1069 1717 1105 1773 et
1116 1707 1160 1772 ad
1172 1711 1302 1792 postre-

211 1827 300 1872 mum
313 1809 361 1873 uti
372 1809 520 1892 quidque
537 1827 612 1894 sors
628 1807 777 1885 dederet,
787 1810 1009 1891 praeripiunt.¹
1024 1808 1103 1887 [tn]
1118 1808 1197 1873 Hoc
1204 1808 1303 1873 modo

210 1910 354 1975 victores
376 1908 473 1973 Graii
499 1908 618 1972 deletis
643 1927 720 1971 cnm
745 1907 945 1991 imperatore
968 1907 1169 1985 Threcibus,
1193 1912 1305 1974 onusti

210 2007 329 2090 praeda
342 2014 444 2087 atque
456 2007 624 2075 uictoria,r
642 2006 686 2068 ad
700 2025 802 2070 naves
817 2006 1057 2088 digrediuntur:
1080 2025 1157 2070 cum
1175 2008 1305 2070 interim

209 2104 352 2185 Trojani
364 2123 408 2166 ex
421 2105 524 2169 muris
537 2110 762 2185 respectantes
776 2107 1001 2188 nequicquam
1015 2123 1076 2188 pro
1091 2104 1205 2181 sociis,
1217 2105 1303 2168 intra

213 2203 342 2268 moenia
357 2210 490 2266 tamen⁸
510 2202 725 2285 trepidarent.
770 2203 877 2285 Igitur
890 2204 1031 2281 barbam,
1046 2208 1099 2268 tot
1107 2204 1177 2286 jam
1193 2202 1307 2267 adver-

215 2305 264 2369 sis
286 2301 388 2367 rebus
407 2302 516 2379 fracti,
540 2303 671 2385 legatos
694 2303 844 2369 inducias
868 2306 1075 2389 postulantes
1096 2305 1141 2369 sd
1163 2304 1305 2371 Graecos

210 2405 358 2469 mittunt.
403 2402 457 2467 Ac
481 2423 564 2468 mox
589 2406 713 2468 nostris
728 2406 953 2471 conditionem
969 2405 1242 2489 approbantibus,
1257 2406 1305 2470 iu·

210 2503 372 2587 terposito
399 2503 565 2567 sacrificio
594 2502 695 2568 fidem
724 2507 817 2586 pacti
830 2506 1028 2572 ·firmavcre.
1083 2505 1210 2570 Eodem
1235 2505 1305 2569 sere

212 2610 360 2687 tempore
388 2601 546 2687 Chryses,
577 2623 678 2687 quem
709 2605 919 2672 sacerdotem
952 2606 1107 2672 Sminthii
1136 2605 1305 2690 Apollinis

212 2722 315 2786 supra
338 2705 613 2781 memoravimus,
639 2704 684 2769 ad
715 2707 903 2771 exereitum
933 2708 1025 2773 venit
1050 2712 1157 2772 actum
1183 2707 1305 2789 gratias

214 2821 312 2886 snper
325 2803 387 2879 his,
402 2822 481 2888 qnae
504 2804 539 2867 in
567 2823 605 2868 se
628 2812 766 2887 recepta
779 2804 848 2870 filia
862 2808 1000 2889 benigne
1016 2806 1199 2881 abnostris
1214 2812 1307 2889 gesta

213 2910 323 2971 orant:
345 2905 390 2968 ob
405 2924 483 2987 qnae
500 2912 569 2969 tam
585 2903 797 2984 lionoritica,¹
821 2908 919 2973 simul
932 2907 1024 2990 quod
1041 2902 1245 2988 A‘stynomen
1264 2905 1305 2968 li·

212 3002 372 3069 beraliter
384 3005 556 3069 habitam‘
577 3013 790 3087 cognoverat,
810 3004 981 3070 reductam
1004 3022 1115 3068 secum
1131 2999 1307 3082 Agamem-

213 3103 292 3171 noni
315 3104 427 3171 tradit.
472 3104 594 3189 Neque
616 3107 723 3171 multo
746 3113 829 3189 post
850 3106 1049 3180 Philoctete,
1075 3120 1149 3168 cum
1171 3100 1225 3164 his
1249 3102 1306 3181 qni

674 3298 853 3324 OOOOONWO

215 3423 272 3469 ‘¹⁸¹‘
281 3420 383 3482 W
391 3421 512 3472 ‘imm
520 3440 530 3481 3
539 3426 631 3477 omissa
640 3427 788 3488 venuleius·
797 3430 857 3476 tute
865 3429 1017 3490 uespera-tl
1028 3421 1165 3474 omittitur
1174 3420 1200 3470 ln
1208 3418 1305 3481 Delph.

216 3497 266 3531 '⁰¹
285 3498 336 3532 ‘⁸⁶¹⁶
355 3492 415 3533 '¹¹¹²
432 3489 608 3548 mimi-l
625 3489 762 3542 omittitur
792 3505 876 3555 noque
887 3489 1230 3550 mnfntiantwetercrrt,et
1245 3495 1306 3532 mox

210 3561 313 3610 parm
323 3554 383 3611 post
393 3548 584 3615 inteficere-tl
599 3554 695 3618 Delptr.
705 3569 774 3619 uper
800 3550 1177 3619 esre-1Detphmsrffl‘0·

706 3712 812 3765 NOTAE
905 3708 909 3719 '

247 3811 259 3847 s
278 3799 505 3867 omitum]
521 3805 576 3856 Pro
587 3807 693 3859 relictis.
812 3816 822 3842 ⁸
838 3808 1100 3872 intumentum]
1125 3805 1305 3871 Nequiquam

219 3936 222 3941 Ι
248 3876 364 3925 'Onusta'
378 3879 540 3942 predamque
550 3881 661 3946 motoria]
685 3883 741 3934 ‘0-
781 3880 1305 3948 prorecinerepinuentetquamrtsec

215 3959 308 4001 nutus
317 3952 420 4015 proeda'
429 3954 563 4016 elegenter
571 3957 682 4021 dicitur;
694 3957 741 4009 sed
781 3964 840 4008 rent
851 3958 919 4019 iptrs
930 3959 1030 4007 uroeula.

211 4031 339 4078 ‘onustus
347 4029 472 4078 victerir'
483 4031 525 4079 rix
537 4031 598 4082 ferri
610 4049 684 4099 posse
696 4049 742 4099 pu·
813 4033 822 4065 ¹
836 4032 979 4084 Liberaliter
987 4032 1106 4096 Midan]
1124 4029 1163 4079 Ut
1172 4027 1306 4078 liberalem

214 4112 251 4160 to,
268 4110 296 4152 et
313 4102 408 4153 vitiose
425 4103 523 4155 dietum
534 4107 656 4159 arbitror.
689 4108 742 4160 sed
782 4105 920 4170 nymphum
941 4107 1072 4167 decubuit
1095 4117 1145 4154 ¹1⁰n
1168 4110 1254 4152 *mm
1277 4098 1306 4147 ”i
1424 4155 1428 4163 .

213 4176 247 4227 de
257 4177 334 4227 hoelo
351 4179 447 4244 quendl
462 4194 557 4245 mere
574 4180 743 4234 tamdictum
782 4195 889 4233 serram.

215 4261 254 4302 est
265 4267 352 4319 repre.
