3200 4972
277 268 343 335 296
648 279 811 328 nassum
836 279 994 328 aaaron

278 425 373 491 Dicit
384 423 505 488 Jasoni
523 420 659 485 Colchis
682 421 801 505 pellem
823 420 938 486 arietis
957 423 1145 487 inauratam
1169 434 1271 501 esse:
1294 426 1366 510 (lig-

278 545 354 592 uam
368 525 440 608 ejus
455 524 586 600 virtute,
597 528 636 586 ut
649 541 722 587 eam
737 522 814 587 iude
829 522 981 602 auferret,
990 524 1100 588 omnia
1114 544 1152 589 se
1165 527 1198 589 ei
1214 527 1365 592 daturum

208 710 211 715 ἱ
277 626 464 710 pollicetur.
507 624 617 689 Jason
632 623 690 687 ubi
704 622 845 701 audivit,
865 631 905 688 ut
928 623 1115 689 eratfortis
1131 626 1243 702 animi,
1258 635 1292 692 et
1306 629 1365 711 qui

276 729 354 793 loca
367 726 480 791 omnia
492 744 593 791 nosse
610 724 762 802 volebat,
780 734 882 808 atque
897 727 1069 791 clariorem
1090 746 1127 792 se
1147 726 1291 794 futurum
1307 750 1366 794 ex·
1469 794 1474 804 ,

276 826 458 906 istimabat,
482 827 513 891 sl
535 826 659 911 pellem
681 824 871 890 inauratam
893 826 1032 892 Colchis
1057 828 1262 906 abstulissat,
1285 831 1368 896 dicit

276 928 383 993 Peliae
404 929 526 1011 regiae
542 926 760 1001 velleeoira,
782 928 812 990 si
834 928 924 992 uires
946 930 1098 1013 sociique
1116 950 1182 993 non
1197 930 1365 996 deessent.
1415 988 1418 997 .

276 1028 393 1094 Pelias
404 1049 463 1094 rex
478 1028 603 1111 Argum
615 1017 834 1094 'subiectum
848 1029 962 1094 vocari
972 1027 1101 1115 jussit,s
1118 1040 1151 1095 et
1173 1031 1206 1094 ei
1225 1032 1366 1117 imperat

276 1135 315 1194 ut
335 1149 453 1195 navem
476 1124 658 1195 aedificaret
681 1144 780 1212 quam
805 1128 1068 1211 pulcherrimam,
1091 1131 1134 1196 ad
1158 1131 1365 1198 voluntatem

275 1231 298 1296 J
301 1233 426 1297 asonis.
470 1231 536 1295 Par
550 1235 652 1295 totam
669 1229 837 1295 Graeciam
852 1250 961 1295 rumor
975 1232 1131 1307 cucurrit,
1144 1251 1263 1296 navem
1279 1235 1362 1299 sedi-

275 1331 378 1409 ficari,
395 1333 511 1416 inqua
526 1331 675 1397 Colchus
690 1337 744 1397 eat
756 1331 779 1396 J
781 1351 876 1409 asom
898 1333 1020 1417 pellem
1042 1352 1178 1399 auream
1191 1335 1363 1417 petiturus.

769 1563 874 1614 NOTAE

276 1717 383 1775 gaique,
399 1708 503 1773 mquid,
520 1708 617 1758 habeas
636 1716 802 1771 potestatam,
840 1706 979 1770 Thyestem
1002 1706 1119 1756 snhduae
1141 1705 1267 1771 quaritur,
1289 1713 1317 1756 nt
1337 1708 1363 1756 in

276 1787 392 1837 facturus
408 1792 478 1835 asset
493 1784 528 1846 el,
543 1799 558 1834 a
575 1784 686 1849 quesibi
702 1797 801 1833 exora·
842 1783 964 1833 Colchide
994 1781 1080 1843 AEeta,
1108 1782 1141 1831 asi
1173 1782 1246 1846 cujus
1274 1783 1363 1831 arietis

276 1865 335 1914 selo
352 1860 506 1925 predictam
526 1857 605 1909 inerit
621 1867 729 1909 tostam
746 1860 803 1908 illa·
843 1857 936 1921 pellam
952 1855 1062 1921 proiecti
1079 1856 1150 1920 regio
1166 1870 1261 1918 seuere
1277 1858 1365 1907 dionu-

277 1939 400 1990 tamiri?
425 1937 467 1986 eni
485 1934 803 1999 imuupslleor,inqnlt,
843 1932 1069 1996 torhrssouautarss
1101 1930 1187 1982 Aliter
1198 1932 1367 1981 etisml'aioe·
1446 1992 1451 1999 ι

277 2014 381 2064 velleris
391 2012 460 2063 antei
473 2016 501 2061 ut
516 2007 631 2071 afferret,
640 2009 803 2073 imperarem.
844 2008 946 2071 phatns,
958 2008 984 2056 in
996 2006 1104 2067 Phrixo,
1113 2020 1190 2071 quern
1202 2006 1270 2058 virle.
1360 2002 1363 2011 “

277 2088 354 2142 esau
366 2088 411 2138 sbi
424 2087 522 2137 udivlt
537 2084 626 2135 Pelias
637 2085 720 2148 ipsura
729 2085 804 2136 iaso·
875 2081 991 2144 ‘suaa
1011 2083 1166 2133 militnm
1185 2085 1264 2133 ascari
1279 2084 1366 2148 lassis]

276 2163 375 2216 nomed
386 2178 443 2215 esur
453 2163 546 2227 pellam
558 2160 595 2211 ire
606 2161 694 2217 statim
706 2175 804 2225 preos-
842 2159 910 2211 Quia
918 2159 991 2208 navis
1001 2159 1141 2209 voeabatar
1150 2159 1230 2224 Argo,
1240 2159 1273 2209 ab
1285 2160 1366 2209 archi·

268 2240 387 2305 'plt,&c.
843 2243 921 2294 tecto,
936 2234 979 2298 qui
997 2233 1082 2299 Argus
1102 2244 1247 2300 vocaretur,
1268 2234 1365 2285 iactam

309 2310 801 2375 wotesupatteaotestatvaasasmea-
841 2309 1027 2359 existimarunt.
1076 2308 1127 2358 Sed
1154 2310 1249 2373 optime
1276 2309 1366 2359 docuit

275 2386 313 2448 ae]
336 2385 402 2437 Qua
413 2386 515 2435 Colchis
531 2397 654 2447 suspensa
671 2398 687 2434 s
704 2399 801 2447 quercu
841 2384 1067 2448 praestantissimus
1091 2385 1242 2445 Bucherius,
1263 2382 1366 2434 Phaeni-

276 2460 304 2509 in
322 2458 415 2508 Martis
433 2459 491 2507 luco
506 2457 645 2521 visebatur,
655 2473 686 2508 ac
705 2460 752 2508 sub
764 2459 799 2508 in-
840 2473 884 2507 ces
895 2458 991 2510 dixisse
1001 2463 1009 2489 ‘
1020 2459 1095 2510 arsa'
1107 2461 1147 2510 vel
1159 2462 1167 2488 ‘
1177 2459 1254 2516 arco,'
1267 2468 1295 2508 ut
1307 2460 1365 2524 Syri

276 2534 371 2585 somnis
389 2532 507 2584 insonis
524 2532 640 2583 custodia
652 2535 800 2585 asservaha
840 2530 960 2592 sffarnnt,
973 2550 1050 2586 naves
1064 2535 1239 2600 longitudinis,
1256 2535 1309 2584 sive
1320 2549 1365 2584 ua·

277 2617 329 2659 tur.
363 2608 426 2656 Eam
447 2614 532 2657 autam
550 2606 638 2656 arietis
659 2607 738 2668 illius,
757 2611 799 2674 qai
840 2625 884 2659 vas
904 2612 1003 2674 longas.
1037 2612 1123 2675 Atque
1143 2610 1317 2671 labefactum,
1335 2612 1365 2659 li·

159 2718 170 2735 .
275 2681 401 2733 Phrixum
422 2694 468 2744 per
496 2681 694 2744 Hellespontum
718 2687 800 2744 vexit,
839 2693 896 2737 tara
912 2688 934 2736 C
953 2687 979 2736 in
998 2687 1144 2749 Gmutsta,
1159 2697 1189 2738 ut
1205 2688 1277 2738 navis
1292 2689 1365 2750 Argo

276 2758 370 2822 pellem
381 2755 462 2805 inissa
474 2753 582 2806 fabulati
592 2766 661 2819 sunt,
677 2760 750 2823 cujus
764 2762 800 2811 la·
840 2763 1024 2826 appellaretur,
1045 2778 1102 2828 quse
1125 2765 1208 2828 prima
1228 2762 1278 2813 isit
1293 2765 1366 2813 navis

276 2831 799 2899 naanrea,val,utalllvolnat,paqrnrea.
840 2839 918 2903 longa
940 2839 1009 2903 apud
1031 2839 1147 2891 Graeca.
1179 2839 1266 2890 Greci
1287 2839 1366 2898 anim,

276 2907 329 2958 Alit
339 2905 457 2968 mount,
471 2906 564 2971 palleus
576 2906 646 2957 illanr
657 2909 751 2960 librum
762 2911 801 2961 io·
841 2917 963 2979 usquead
974 2914 1094 2967 iasonem
1105 2923 1133 2965 et
1143 2915 1317 2979 Argonautae,
1327 2928 1367 2965 so·

276 2984 327 3034 isse
340 2982 451 3048 pellibus
466 2981 625 3046 inscriptum,
645 2999 695 3047 qno
710 2987 802 3050 lapidis
840 2990 1284 3042 lurerotundisuavibnsutebantur.
1297 2990 1366 3039 illae

274 3054 803 3123 Philosopbioleouidandlralloesatiue·
841 3067 909 3117 Ptin.
921 3080 971 3117 ιιι.
982 3072 1023 3117 tt.
1047 3068 1150 3131 ‘lunga
1161 3081 1229 3116 nave
1242 3067 1365 3120 Jasonera

274 3136 361 3189 bstsr.
394 3136 802 3202 ltanstatb.inDlonys.0eo·
842 3143 950 3207 primunr
984 3142 1117 3206 navigasse
1152 3141 1365 3205 Philostephanus

275 3215 409 3278 [sapham.
442 3211 496 3263 Alii
515 3213 596 3277 alunt,
613 3213 737 3264 ludebas
754 3215 800 3281 fig·
839 3223 931 3267 auctor
946 3215 1004 3265 est!
1036 3216 1072 3266 Es
1089 3214 1218 3280 Apollonii
1238 3215 1365 3266 Scholias-

274 3298 391 3340 mentum
403 3288 576 3354 uatum,qno‹l
588 3289 613 3338 ia
622 3289 800 3342 Colchihelln·
840 3302 889 3353 tes,
899 3306 917 3342 ι.
933 3292 967 3342 ds
978 3291 1049 3356 Argo
1063 3292 1149 3354 Nava,
1163 3291 1253 3350 raim
1266 3289 1294 3340 at
1307 3300 1366 3354 paor

275 3363 312 3412 vll
328 3365 431 3428 qatsaro
450 3378 539 3414 aurum
557 3364 663 3427 vehunt,
680 3365 712 3416 ad
730 3369 800 3431 qaod
838 3368 998 3431 πρόηυιῦν
1014 3369 1125 3432 vertetu
1138 3367 1238 3433 suph.
1270 3369 1365 3419 ‘liano

274 3439 453 3501 recipiendum
475 3439 565 3489 incole
592 3440 699 3491 alveolis
723 3449 799 3492 utun·
840 3446 942 3510 longana
963 3460 1052 3496 navem
1073 3446 1180 3511 prinam
1199 3444 1281 3496 foisse
1299 3443 1366 3495 rate·

275 3518 319 3561 tar
340 3513 476 3575 perforatis
496 3522 524 3565 at
543 3516 678 3569 velleribus
694 3518 798 3570 lenosis.
839 3521 917 3571 runt!
932 3521 1004 3571 idam
1016 3521 1142 3572 Herodes.
1153 3535 1171 3570 r.
1184 3522 1267 3571 initio.
1284 3520 1366 3573 Osin-

274 3586 318 3636 Ita
327 3587 429 3646 Strabo,
446 3589 464 3636 Ι.
477 3596 557 3639 sset
570 3591 714 3656 Appianas.
748 3592 800 3645 Alii
838 3599 960 3662 qrragluta
976 3611 1100 3647 remorum
1117 3596 1196 3647 inisse
1212 3595 1366 3661 dieitllpol·

274 3668 383 3725 propter
399 3661 456 3710 ausi
473 3665 578 3714 metalla
594 3669 702 3731 quesibi
722 3667 799 3733 pluri·
838 3671 920 3722 lodor.
952 3671 994 3721 Its
1011 3678 1040 3719 ut
1057 3672 1147 3734 viginti
1165 3673 1278 3736 quinque
1291 3671 1365 3720 remi·

274 3750 332 3797 suar
348 3736 800 3803 aliideulqueobpraslastiamvel·
839 3764 885 3811 ges
902 3749 936 3798 ab
956 3760 1126 3812 unaquaque
1147 3758 1221 3814 parte
1239 3748 1366 3799 habuerit.

273 3812 433 3876 lamereias
460 3814 581 3877 mglonls.
614 3818 691 3869 Unda
717 3822 800 3872 Varro
839 3823 914 3874 [lude
925 3825 1053 3887 seqnitur,
1061 3824 1165 3889 longara
1176 3824 1255 3874 inisse
1265 3824 1367 3875 cubito·

272 3888 654 3956 lib-tt.titrsRu⁸li⁰⁸csp.l.
671 3897 800 3950 ‘Veteres
839 3912 894 3949 ram
916 3899 949 3948 ad
972 3899 1103 3949 nisinun
1125 3900 1323 3965 qulnquaginta,
1345 3899 1367 3946 si

273 3969 359 4036 petre
371 3971 440 4035 ipsas
459 3969 569 4031 pecudes
584 3978 691 4034 propter
705 3978 798 4027 casita·
839 3977 939 4039 sinaris
950 3975 1122 4025 interscalaria
1133 3974 1367 4035 manera-axonis

274 4056 329 4095 sem
346 4056 434 4095 aureas
450 4042 569 4095 babuisse
588 4046 668 4109 pelles
687 4049 799 4100 tradide-
839 4052 945 4103 duorum
961 4052 1115 4110 cubitorum,
1127 4059 1204 4118 prout
1215 4051 1309 4103 slshnlt
1320 4050 1365 4099 Vi·

274 4128 343 4183 rust,
368 4126 398 4171 ut
420 4120 498 4186 llrgls
523 4119 628 4183 Atrans,
648 4135 724 4185 qnam
750 4127 798 4178 sibl
838 4129 945 4193 murina,
954 4128 999 4179 lib.
1010 4141 1030 4178 1.
1043 4132 1067 4180 s.
