3200 4972
411 569 823 647 CORNELIUS
885 573 1113 647 NEPOS
1175 678 1182 689 .

504 761 765 827 snmusmo
788 760 961 851 cursen
985 762 1021 826 s.

220 935 319 1025 Curi
336 963 443 1027 multe
459 963 600 1028 Athonis
615 963 860 1028 studiosissime
875 983 1019 1046 agerem,
1042 965 1153 1029 iuveni
1174 965 1307 1031 histori-

220 1080 273 1125 om
293 1062 427 1126 Daretis
443 1063 589 1146 Phrygii,
608 1064 715 1146 ipsius
731 1084 830 1128 moun
845 1067 1016 1148 scriptam,
1039 1073 1078 1130 ut
1091 1066 1207 1139 titulus
1221 1067 1309 1131 indi·

219 1171 286 1238 cet,
323 1183 424 1245 quam
446 1165 488 1228 de
524 1164 656 1229 Graecis
681 1172 715 1229 et
741 1165 986 1248 Trojstuismom
1013 1168 1092 1232 orioe
1118 1167 1307 1232 mandevit.¹

220 1263 329 1342 Quem
352 1285 414 1348 ego
435 1285 565 1330 summo
589 1285 704 1330 amose
723 1268 934 1348 complexus,
958 1269 1118 1333 continno
1143 1268 1306 1333 transtuli.

219 1363 282 1428 Cui
297 1366 379 1430 nihil
395 1367 617 1450 adjiciendum
629 1366 682 1431 vel
698 1366 942 1431 diminuendam
956 1367 1156 1433 reformandi
1169 1376 1182 1404 ²
1204 1388 1307 1433 cause

218 1468 350 1548 putavi,
364 1470 513 1552 alioquin
538 1488 613 1533 men
634 1473 750 1555 posset
764 1467 878 1533 videri.
924 1467 1094 1553 Optimum
1115 1490 1192 1553 ergo
1216 1469 1308 1545 duxi,

217 1586 294 1630 vere
309 1574 344 1631 et
358 1568 553 1654 simpliciter
569 1568 768 1652 perscripta,
791 1571 819 1634 si
835 1589 907 1633 eam
924 1560 967 1633 ed
983 1572 1144 1635 verbum*
1166 1573 1200 1636 iu
1216 1571 1308 1636 Leti-

217 1668 355 1733 nitatem
373 1677 639 1747 transverterem,
649 1676 685 1733 ut
697 1670 844 1750 legentes
859 1690 1057 1752 cognoscere
1068 1679 1215 1755 possent,
1224 1690 1307 1755 quo·
1374 1664 1378 1671 ’

217 1769 317 1833 modo
340 1769 392 1833 lrae
408 1789 459 1833 res
474 1776 578 1852 gestes
593 1776 725 1834 essent:
748 1778 855 1835 utrum
881 1773 985 1853 magis
1011 1792 1090 1837 veru
1110 1774 1308 1849 existiment,

216 1889 294 1952 qum
318 1870 429 1934 Dares
452 1870 617 1952 Phrygius
639 1870 807 1933 memorise
834 1871 1092 1949 commendavit,
1107 1874 1163 1955 qui
1187 1892 1248 1955 per
1273 1872 1307 1936 id

216 1976 351 2053 tempos
375 1969 466 2034 vixit
482 1978 515 2033 et
537 1968 704 2044 militavit,
718 1988 786 2051 quo
808 1969 922 2034 Graeci
948 1971 1116 2054 Trojsuos
1138 1991 1308 2054 oppugne-

217 2079 310 2147 reut3
324 2088 367 2131 un
382 2069 529 2132 Homero
542 2067 753 2144 eredendum,
765 2069 823 2151 qui
838 2077 917 2152 post
926 2070 1053 2134 multos
1068 2070 1195 2136 stnnosb
1210 2077 1309 2134 natus

218 2173 282 2244 est,
298 2188 397 2250 quem
420 2169 540 2233 bellum
563 2167 627 2231 hoc
641 2162 782 2257 'gestum
805 2169 943 2235 luisset:
967 2171 1008 2234 de
1031 2192 1099 2253 qno
1117 2191 1152 2235 re
1169 2173 1308 2236 Athenis

212 2268 380 2355 judicium
394 2268 468 2345 luit,
484 2288 558 2333 cnm
581 2289 644 2351 pro
667 2271 808 2333 insonoc
833 2269 1003 2336 Homerus
1019 2274 1203 2350 haberetur,
1217 2273 1307 2355 qnod

218 2368 312 2433 Deos
325 2388 400 2434 oum
415 2370 607 2435 hominibus
623 2362 836 2453 belligerasse
851 2373 1044 2458 descripsit.
1066 2375 1133 2439 Sed
1148 2375 1306 2440 hactenus

220 2471 297 2536 istu:
342 2471 443 2536 Nunc
458 2471 501 2535 nd
517 2472 705 2556 pollicitum
718 2481 932 2539 revertemur.

672 2634 849 2657 onuneene

252 2742 265 2786 l
282 2734 376 2797 Delolr.
386 2734 428 2796 esi
437 2734 463 2782 d.
475 2734 507 2783 G.
519 2749 540 2783 s.
554 2734 581 2784 Τ.
591 2749 622 2784 ss.
633 2736 816 2795 meum,
824 2749 882 2785 snm
891 2737 941 2787 lise
950 2743 1025 2786 note:
1044 2737 1093 2786 ‘ld
1103 2744 1142 2787 est
1151 2738 1217 2862 :joni
1229 2753 1307 2802 super

222 2799 297 2849 rebus
309 2798 408 2847 Grecis
420 2808 448 2846 et
458 2798 575 2861 Trojsuis
587 2800 732 2860 posteritsti
743 2799 1002 2850 commendetur-'4
1018 2803 1115 2867 Delpn.
1125 2804 1160 2852 rei

218 2871 246 2913 et
257 2878 315 2912 mos
326 2863 405 2917 hebet
414 2876 463 2911 esss
475 2872 535 2912 ente
543 2863 628 2926 pessit.

711 2943 817 2993 NOTAE

249 3046 261 3072 ⁸
278 3038 307 3089 ut
317 3038 523 3103 medentem]
541 3037 639 3088 ‘iiim'
649 3053 741 3103 nempe
812 3046 824 3073 ⁶
840 3039 879 3088 De
897 3053 943 3102 uss
960 3052 987 3086 rs
1004 3038 1105 3088 Athenis
1117 3038 1234 3098 judiciem
1247 3038 1313 3104 seit,

218 3113 364 3164 ‘ltlstorism
373 3112 389 3175 ;'
404 3115 535 3175 superlore
553 3113 608 3175 ills,
622 3113 701 3163 ‘sere
714 3120 742 3162 et
781 3130 834 3164 ests
855 3129 899 3178 pro
924 3114 1018 3177 isssso]
1050 3113 1094 3161 lts
1114 3114 1163 3161 lroe
1184 3114 1306 3177 seriptum

219 3188 370 3253 simpliciter
398 3188 560 3252 perscripts,'
589 3197 648 3239 sunt
675 3189 744 3238 sexti
783 3199 833 3250 est,
855 3198 884 3239 nt
903 3188 962 3238 iude
979 3188 1036 3253 quis
1054 3187 1202 3237 existimsre
1218 3189 1308 3251 possit,

219 3277 309 3312 ossus:
327 3263 404 3313 series
415 3270 465 3323 sst,
474 3264 597 3325 optimum
605 3262 676 3325 duxi,
685 3278 743 3313 enm
769 3266 893 3316 ’Athenis
903 3266 963 3315 olim
975 3264 1000 3313 iu
1008 3262 1108 3326 judlolo
1120 3270 1203 3311 sctum
1219 3263 1307 3323 t‘rrisse,

221 3352 252 3387 es
267 3338 372 3387 historie
391 3352 450 3387 sere
467 3347 494 3386 et
516 3338 667 3400 simpliciter
685 3353 743 3402 per·
786 3342 909 3391 Deretine
925 3340 1011 3405 potius
1030 3354 1062 3387 su
1075 3338 1188 3387 Homero
1201 3339 1308 3388 creden·

222 3415 320 3479 scripte
330 3416 374 3473 sit,
385 3416 406 3463 si
417 3430 472 3463 sem
485 3415 510 3462 ln
524 3416 744 3464 Lstinumsernto·
784 3416 844 3466 dum
876 3414 955 3472 toret,
982 3413 1069 3477 ibique
1098 3412 1236 3462 Homerum
1260 3428 1306 3476 pro

222 3499 478 3541 uemeourerterem·
570 3502 573 3507 ⁴
784 3492 872 3540 inssno
898 3496 1026 3539 exectum·
1070 3488 1145 3540 Quod
1177 3488 1234 3551 quis
1263 3504 1307 3538 un·

252 3564 583 3630 tenimentorum]
607 3563 648 3612 lle
667 3571 744 3615 tetste
784 3566 988 3632 qnsmsudlsitl
1023 3562 1102 3629 Atqui
1121 3563 1245 3614 nonlllud
1263 3579 1306 3615 ro·

221 3643 328 3692 Homeri
340 3642 403 3691 mire
413 3649 514 3690 veteres
524 3639 689 3689 dissentiunt.
711 3642 745 3691 Et
783 3642 831 3691 luit
840 3643 942 3705 ineptus
952 3640 1081 3704 scriptor,
1105 3638 1151 3688 sed
1169 3639 1230 3689 illud
1250 3648 1306 3690 tsu·

219 3733 307 3768 eornm
319 3717 431 3768 omnium
442 3716 574 3781 opiniones
587 3714 693 3773 referre,
706 3717 744 3766 ul·
784 3725 847 3779 tum,
858 3717 937 3766 foisse
948 3715 1008 3765 olim
1020 3716 1138 3776 Athenis,
1155 3716 1198 3779 qui
1212 3716 1307 3766 Home·

219 3796 268 3843 mis
279 3797 381 3859 longum
393 3801 470 3843 esset.
493 3794 550 3857 ligo
561 3793 679 3843 existimo
688 3808 744 3843 eor·
783 3809 838 3844 rum
853 3794 959 3843 stultum
977 3792 1132 3856 judicarent,
1148 3792 1215 3856 qnod
1237 3794 1306 3842 Deos

220 3870 322 3921 tisslmis
334 3868 491 3933 argumentis
502 3869 585 3919 esinoi
602 3882 686 3933 posse,
697 3867 743 3918 flo·
784 3884 841 3920 eum
850 3868 990 3918 ltomluilrns
1003 3875 1145 3931 pugnantes
1157 3867 1307 3927 induceret;

218 3947 301 3997 ruisse
321 3947 391 3996 ilium
413 3946 482 3995 clres
502 3942 682 4008 Olympiadem
701 3949 741 3995 td.
783 3953 810 3995 et
823 3946 958 3994 Plutonem
970 3943 1100 4005 intelligit,
1112 3942 1197 4006 quide
1209 3942 1305 3992 Home·

220 4032 338 4086 tempore
358 4022 425 4084 regis
444 4020 536 4070 Numa
556 4024 613 4070 488.
637 4021 744 4071 circiter
783 4038 812 4072 ro
820 4022 931 4087 iniquum
940 4020 1001 4070 illud
1005 4020 1131 4083 judicium
1142 4020 1209 4068 tulit.
1224 4018 1306 4084 Aquo

219 4098 293 4148 souis
311 4103 369 4162 post
385 4095 488 4158 'l'rojsm
507 4102 618 4158 septum.
637 4104 665 4145 et
683 4104 743 4146 sote
784 4099 826 4149 elii
838 4098 929 4148 merito
946 4096 1125 4145 dissentientes
1142 4094 1307 4159 affirmemus,

218 4174 348 4225 Christum
356 4180 445 4223 ustum
453 4174 510 4221 otti.
519 4177 546 4220 et
555 4169 592 4220 its
600 4171 658 4219 olim
670 4178 744 4234 peter
784 4174 864 4222 solum
876 4172 1017 4221 Homerum
1034 4178 1079 4219 snt
1094 4169 1188 4220 vidisse
1205 4178 1250 4222 sut
1266 4186 1306 4222 os·

218 4265 300 4312 meos,
320 4253 346 4302 in
363 4250 450 4301 libello
472 4247 582 4309 dritten,
601 4245 633 4296 de
654 4247 743 4299 Poitls
784 4249 896 4299 tendisse
906 4245 1000 4296 formes
1011 4245 1133 4295 Deorum.

220 4326 329 4380 (ineis.

1180 2807 1306 2868 made,
