3208 4968
634 408 687 456 un
712 407 924 457 nannenten.
1253 384 1325 461 861⁸

365 693 572 760 Guilbelmus
587 692 799 759 cambdenus
812 693 847 757 iu
858 692 1030 759 Britannia
1042 712 1103 758 sua
1115 695 1190 761 133.
1212 711 1221 729 ·
1264 792 1271 805 Ι

281 855 361 936 Quo
381 859 506 923 saecuio
526 856 652 934 floruit,
668 857 726 940 qui
741 855 822 920 hino
840 854 1002 921 oriundus
1021 863 1056 922 et
1069 857 1318 939 cognominatus

237 958 409 1044 Josephus
439 959 593 1036 Isoauus,
617 956 890 1041 splendidissimo
918 957 1053 1041 ingenio
1074 957 1195 1036 Poeta,
1221 959 1319 1042 cujus
1448 998 1456 1009 ,

237 1062 364 1145 scriptu
384 1062 679 1146 improbabuntur,
703 1065 741 1123 ut
754 1058 798 1123 ad
811 1065 959 1124 veterum
975 1060 1173 1145 scriptorum
1185 1059 1322 1126 laudem

127 1154 132 1161 ’
237 1163 465 1246 pervenerint:
486 1162 560 1245 ejus
574 1164 696 1227 etenim
710 1160 852 1226 debello
864 1159 1010 1244 Trojano
1024 1161 1147 1246 poima
1160 1159 1320 1226 Germani

238 1266 339 1330 semel
354 1273 455 1352 atque
468 1265 589 1332 iterum
610 1244 675 1330 sub
698 1260 844 1328 Cornelii
866 1262 1009 1347 Nepotis
1023 1265 1154 1329 nomino
1168 1262 1319 1345 divulga-

234 1373 321 1433 runt.

697 1532 793 1598 Idem
806 1532 860 1598 33.

279 1669 382 1748 Quod
411 1690 490 1736 vero
517 1669 712 1735 Britannos·
725 1688 793 1734 una
821 1687 899 1734 oum
920 1666 1070 1735 Hercule
1091 1668 1127 1733 iu
1148 1667 1319 1733 Hesiones

236 1783 335 1855 raptu
363 1770 499 1837 affuisse
521 1772 706 1854 colligatur,
729 1790 771 1834 ex
806 1770 859 1834 his
882 1768 1037 1847 cornelii,
1059 1777 1097 1833 ut
1117 1769 1320 1847 existimant,

235 1871 381 1957 Nepotis
397 1874 558 1950 versibus,
579 1873 659 1936 dum
681 1871 812 1953 nuptias
826 1870 1015 1935 'Polemonis
1028 1875 1062 1934 et
1076 1870 1246 1936 Hesiones
1261 1871 1320 1936 ‹le-

237 1973 353 2037 seribit
368 1989 409 2035 ιι.
422 1972 477 2037 87.

450 2071 530 2134 etin
545 2089 644 2136 aurea
657 2071 782 2153 pocula
796 2071 862 2136 iusi

322 2170 469 2236 Invitant
482 2190 555 2236 sese
570 2171 694 2254 pateris
707 2172 804 2256 plebs
818 2171 937 2250 mixta,
954 2172 1116 2249 Britanni,
1130 2174 1192 2236 ao.

239 2270 344 2336 Plane
358 2270 528 2356 po'e'tioum
539 2281 611 2337 est:
627 2278 660 2338 et
666 2272 755 2338 illius
769 2278 937 2338 auctorem
945 2293 1010 2338 non
1019 2273 1123 2336 iuisse
1133 2270 1320 2354 Cornelium

238 2371 415 2456 Nepotem,
438 2380 473 2438 ut
487 2371 643 2439 Germani
656 2374 783 2453 volunt,
805 2375 863 2440 sed
878 2374 1061 2460 Iosephum
1077 2373 1235 2439 Isoauum
1250 2374 1321 2437 sive

236 2474 469 2551 Exuniensem,
496 2474 640 2543 dilucide
661 2482 694 2541 et
715 2478 810 2560 quasi
831 2478 1019 2560 obsignatis
1040 2476 1161 2542 tabulis
1181 2476 1322 2559 probare

234 2595 387 2658 possum.
431 2576 557 2660 Utique
584 2578 643 2661 qui
669 2577 809 2644 Hearioi
832 2580 936 2645 nostri
965 2578 1103 2645 secundi
1128 2583 1162 2643 et
1182 2576 1321 2644 Thomna

236 2676 484 2744 cantuariensis
498 2677 755 2764 Archiepiscopi
768 2682 961 2747 meminerit.
1054 2726 1058 2735 ·

682 2903 779 2968 Idem
801 2905 876 2968 160.

279 3032 354 3099 Nec
368 3035 431 3100 abs
445 3055 481 3102 re
495 3037 569 3114 erit,
591 3037 621 3102 si
636 3057 712 3122 qum
725 3036 899 3120 Iosephus
919 3040 1029 3100 noster
1043 3033 1184 3098 Imaum
1197 3007 1265 3094 non
1280 3029 1321 3094 de

234 3135 360 3217 populo
372 3136 480 3203 Poiita
492 3140 572 3205 olim
586 3140 620 3203 in
634 3160 699 3205 sua
711 3137 941 3215 Antiocheide,
953 3138 987 3202 in
1002 3134 1181 3200 Arthurum
1193 3132 1323 3207 oeoinit,

236 3235 292 3299 hio
306 3236 494 3322 adjungam.
536 3240 679 3326 [Versus
691 3243 795 3309 habes
808 3242 843 3306 in
857 3239 921 3305 tine
934 3238 1100 3305 Notarum
1111 3233 1182 3315 nu]

686 3451 779 3515 ldem
799 3451 875 3515 261.

282 3576 352 3641 Hic
366 3576 422 3641 iile
436 3585 488 3643 est
501 3578 635 3658 Scaeva,
657 3583 755 3665 cujus
770 3585 874 3648 virtus
887 3585 921 3648 in
934 3581 1025 3646 bello
1039 3578 1131 3644 civili
1146 3575 1323 3663 Dyrrachii

237 3678 419 3745 clarissime
434 3681 581 3761 emicuit,
597 3687 910 3768 quemquenntione
925 3684 1119 3752 Britannum
1132 3680 1237 3744 inisse
1251 3677 1322 3745 Po·

236 3777 421 3949 migger
432 3780 454 3845 J
458 3781 601 3867 osepirus
614 3785 650 3849 iu
665 3781 886 3851 Antiocheide
900 3784 1021 3869 prodit,
1029 3782 1084 3851 his
1097 3780 1138 3845 de
1151 3778 1325 3845 Britannia
1414 3780 1419 3787 “

322 3981 413 4047 Hine
428 3988 464 4050 et
478 3983 597 4051 Scnva
611 3995 718 4068 satus,
732 4008 812 4073 pars
825 4007 892 4053 non
908 3987 1052 4053 ohscuru
1066 3979 1227 4049 tumultus

321 4081 453 4161 Civili&
467 4084 624 4168 Magnum
640 4091 734 4156 sotus
748 4092 806 4175 qui
817 4091 902 4155 mole
917 4087 1029 4153 soluta

321 4183 477 4265 Obsedit,
492 4187 673 4275 meliorque
687 4193 782 4258 stetit
792 4211 854 4276 pro
868 4191 1005 4257 Caesare
1018 4203 1144 4251 murus.
