3010 4978
302 816 409 904 DE
457 818 616 907 ILII
669 818 1047 930 EXCIDIO,

364 1084 434 1149 EX
455 1084 672 1151 JOSEPHO
701 1086 984 1163 SCALIGERO,

251 1258 306 1307 DE
337 1260 655 1312 BMBNDATIONE
686 1260 925 1312 TEMPORUM
958 1261 1038 1311 ΜΒ.
1065 1261 1097 1311 V.

118 1664 366 1755 „Posrrrnsros
393 1711 500 1756 annos
522 1690 664 1776 Mythici
693 1691 849 1773 temporis
875 1695 1005 1755 veteres
1033 1689 1218 1773 Scriptores

128 1793 277 1856 certatim
291 1793 424 1857 definire
439 1794 623 1869 voluerunt,
638 1791 730 1874 quod
747 1793 815 1855 sint
830 1791 1001 1855 memoriae
1023 1791 1220 1875 scriptorum

127 1895 289 1975 proximi,
301 1901 338 1958 ut
353 1895 470 1959 scribit
484 1892 695 1957 Censorinus.
717 1892 784 1956 Sed
793 1912 904 1979 quare
913 1894 985 1976 ipse
999 1911 1059 1956 eos
1074 1891 1219 1957 deducat

131 1995 175 2057 ab
201 1993 321 2058 Inachi
341 2013 445 2076 reguo
467 1994 511 2057 ud
538 1996 683 2076 primum
704 1991 948 2075 Olympiadem,
976 2010 1044 2056 nou
1067 1999 1175 2056 nutem
1199 2011 1221 2055 a

133 2100 240 2173 capto
253 2093 334 2167 llio,
347 2102 387 2156 ut
399 2093 532 2174 reliqui,
546 2111 687 2155 causum
701 2111 766 2155 uon
780 2094 889 2174 cupio·
931 2093 1009 2158 Non
1023 2097 1141 2174 potest
1154 2091 1221 2155 dici

132 2210 237 2274 quum
253 2193 356 2256 variis
372 2191 513 2274 judiciis
527 2193 569 2256 lis
593 2192 757 2257 ventilata
771 2193 822 2258 sit
864 2194 908 2258 Et
921 2192 1055 2279 quidem
1072 2192 1219 2256 omnium

130 2291 314 2356 seutemius
329 2294 363 2357 in
387 2293 527 2357 medium
549 2293 666 2358 utierre
681 2294 892 2360 ambitiosum
906 2301 970 2360 est.
992 2295 1116 2378 Neque
1132 2295 1219 2359 enim

126 2396 254 2458 errores
268 2395 397 2459 alienos
411 2395 663 2477 triumphemus,
678 2395 738 2459 sed
753 2404 911 2480 quantum
931 2404 1045 2481 potest
1059 2396 1130 2460 fieri
1154 2398 1218 2461 tol·

127 2493 239 2559 limus.
283 2493 335 2558 Eu
349 2495 449 2576 igitur
464 2503 516 2560 est
529 2494 759 2560 Tetraeteridis
773 2496 904 2562 Grmcae
924 2498 1160 2575 commoditas,
1182 2503 1220 2563 ut

128 2613 173 2658 ex
188 2595 245 2658 die
269 2597 395 2659 mensis
422 2596 549 2659 sciatur
571 2601 680 2676 quota
704 2595 750 2659 sit
770 2595 944 2679 Prytanis,
968 2597 1070 2660 modo
1091 2602 1221 2662 constet

128 2702 253 2778 quotus
269 2698 313 2760 sit
335 2715 442 2761 annus
464 2695 701 2760 Tetraeteridis.
745 2694 878 2774 Contra,
893 2696 983 2761 detis
998 2696 1117 2762 diebus
1130 2716 1221 2761 merc,

127 2797 178 2861 sis
193 2803 228 2861 et
242 2795 433 2880 Prytauius,
448 2795 716 2878 deprehenditur,
732 2805 859 2879 quotus
880 2798 925 2860 sit
939 2815 1043 2861 annus
1056 2798 1220 2862 Tetraete·

126 2897 222 2961 ridis.
266 2894 317 2960 Ut
330 2897 365 2959 iu
386 2895 533 2960 Decreto
554 2893 812 2959 Atheniensium
837 2897 873 2960 in
897 2896 1036 2976 gratiam
1051 2897 1222 2963 Zenonis:

127 2998 197 3061 Ἔτ’
211 2994 356 3082 Αρρςτῖδον
382 2984 532 3079 ἄρχοντός,
556 2993 601 3057 ἐπὶ
620 3000 670 3072 τῆς
690 2992 897 3077 Ἀκαμαντίδος
909 2991 1037 3075 τίμττης
1049 2995 1223 3080 πρυτανείας,

129 3106 396 3186 Μαιμακτηρῶνος·
418 3096 519 3183 drxr'rrp
545 3093 660 3182 ὕστίρᾳ,
680 3097 761 3183 rpirp
783 3098 831 3159 nal
851 3101 964 3183 εἰκοστῇ
977 3100 1027 3171 τῆς
1051 3097 1223 3181 πρυτανείας.

128 3200 178 3265 Ut
202 3201 363 3264 vicesimo
377 3200 502 3263 mensis
517 3198 799 3264 Maemncteriouis
813 3200 986 3283 popularis
1001 3200 1048 3264 sit
1062 3198 1221 3264 vicesimo

128 3301 229 3366 tertie
243 3300 506 3385 Prytenius,lroc
521 3319 588 3364 nou
601 3308 719 3383 potest
735 3287 924 3384 contingere
929 3300 995 3364 nisi
1010 3319 1097 3364 anno
1112 3301 1219 3383 primo

128 3401 368 3466 Tencteridis.
411 3400 509 3464 Tunc
532 3401 621 3464 enim
637 3416 781 3464 xxvur.
803 3400 1220 3484 Pyauepsiooisestnovi·

127 3501 266 3565 lunium.
309 3500 394 3566 Ideo
411 3516 482 3563 xx.
505 3500 791 3565 Maemucterionis
812 3506 865 3564 est
884 3516 1003 3564 xxrrr.
1030 3497 1219 3583 Prytuuias,

128 3620 236 3687 qnare
245 3601 400 3666 suducter
409 3621 588 3686 possumus
597 3601 979 3680 diecre,illuddecretum
990 3601 1104 3665 dutum
1112 3601 1219 3667 l'nisse

127 3718 224 3765 enno
239 3700 344 3780 primo
357 3700 585 3766 Tetroeteridis
599 3700 734 3766 Atticm.
776 3701 879 3779 Quod
894 3702 924 3766 si
939 3707 1038 3784 quotu
1052 3710 1142 3765 esset
1155 3702 1220 3767 Το-Α

126 3800 273 3867 traeteris
296 3801 420 3880 periodi
437 3801 561 3867 Atticae
577 3805 750 3880 sciremus,
764 3810 797 3866 et
815 3802 902 3867 diem
916 3820 1027 3865 verum
1042 3801 1077 3863 in
1093 3800 1220 3865 Kalen·

127 3903 224 3967 dario
253 3901 278 3965 J
282 3900 396 3978 uliuuo
416 3903 491 3967 dere
519 3922 709 3987 possemus.
754 3903 876 3986 ltaque
899 3901 1050 3966 videmus
1074 3920 1150 3983 quse
1175 3903 1221 3968 sit

125 4003 258 4068 utititas
282 4001 362 4064 enni
376 3998 483 4067 Attici
497 4011 532 4067 et
557 4001 726 4087 Olympici
742 4003 785 4067 ud
807 4002 1015 4067 notationem
1033 4006 1221 4082 temporum

123 4108 157 4168 in
172 4105 273 4167 rebus
289 4100 448 4168 Graeciae.
492 4103 605 4181 Quare
614 4106 777 4186 ignoratio
791 4104 890 4167 istius
905 4101 1021 4164 iormae
1037 4118 1100 4162 nou
1111 4099 1221 4161 solum

123 4205 204 4268 hnic
225 4202 366 4281 saeculo,
383 4203 442 4268 sed
456 4209 490 4268 et
502 4204 622 4286 priscis
642 4203 851 4285 temporibus
864 4200 1019 4265 nocebat·
1063 4196 1118 4260 Ex
1141 4195 1221 4257 doc-
