3196 4976
515 343 564 392 un
586 343 706 391 sunno
730 341 902 390 rnosnuo
928 342 998 389 nra.
1021 322 1084 390 111.⁸
1270 327 1333 394 187

244 487 361 552 dimite
381 491 510 563 ornatu,
532 485 660 549 effusis.
675 484 752 548 hinc
775 446 874 567 atque
897 483 976 548 inde
1001 485 1149 549 crinibus
1171 487 1333 568 precaba-

247 594 312 664 tur,
325 593 520 667 suggerente
534 584 601 648 eibi
614 579 802 666 Polyxenai
827 589 1024 666 apparatum
1047 586 1134 669 sacri
1150 585 1235 668 ejus.
1278 585 1333 651 Ac

246 692 317 751 turn
337 686 422 751 sorte
437 684 599 760 Achilles,
613 685 722 747 versis
736 684 770 746 in
789 684 997 766 Polyxenam
1012 686 1131 763 oculis,
1153 685 1334 769 pulchritu-

247 787 324 850 dine
351 786 489 868 virginis
517 785 671 867 capitur:
692 790 856 866 auctoque
886 785 932 847 in.
946 784 1045 849 horas
1075 770 1259 862 desiderio,
1274 788 1333 849 ubi

247 888 378 951 animus
392 905 457 949 non
472 886 600 962 lenitur,
616 884 658 949 ad
672 905 775 950 naves
791 885 944 950 discedit
988 884 1055 949 Sed
1070 885 1128 949 ubi
1142 886 1214 949 dies
1229 888 1333 968 pauci

247 986 381 1063 fluxere,
402 992 548 1050 elamor
569 988 676 1069 magis
698 987 912 1068 ingravescit,
938 987 1045 1052 accito
1068 985 1332 1065 Automedonte,

248 1089 353 1170 aperit
366 1087 517 1150 ardorem
530 1087 652 1152 animi:
675 1087 718 1151 ad
732 1092 934 1170 postremum
949 1094 1068 1169 rogat,²
1082 1089 1132 1152 uti
1146 1087 1189 1151 ad
1205 1086 1334 1153 Hecto·

246 1206 314 1251 rem
330 1188 466 1269 virginis
481 1207 584 1252 causa
597 1188 669 1253 iret.
684 1210 687 1219 ⁴
715 1188 846 1254 Hector
854 1207 933 1253 vero
947 1188 1102 1253 daturum
1117 1208 1153 1253 se
1168 1189 1203 1253 in
1218 1191 1332 1255 matri-

241 1290 390 1353 monium
405 1294 550 1354 sororenr'
561 1289 708 1367 mandat,
726 1291 761 1353 'si
776 1291 840 1354 sibi
854 1290 1044 1354 universum
1059 1289 1239 1354 exercitum
1254 1308 1332 1374 pro-

245 1385 359 1453 deret.'¹
401 1389 464 1473 [3.]
488 1391 576 1455 Dein
590 1390 751 1468 Achilles,
767 1391 953 1455 soluturum
968 1411 1003 1455 se
1017 1411 1113 1457 omne
1129 1390 1249 1455 bellum
1269 1410 1332 1474 pro

249 1487 424 1569 Polyxena
440 1493 588 1567 tradita,³
610 1492 794 1574 pollicetur.
836 1491 923 1557 Tum
939 1491 1078 1570 Hector,
1094 1498 1152 1556 aut
1172 1491 1333 1575 proditio·

246 1607 322 1652 nem
334 1589 376 1654 ab
387 1610 427 1655 eo
437 1592 704 1670 confirmandam,
714 1599 771 1658 aut
783 1591 871 1657 filios
881 1592 1063 1659 Plisthenis
1076 1599 1179 1675 atque
1189 1590 1333 1676 Ajacem

246 1688 512 1758 interficiendos:
536 1690 639 1757 alias¹
662 1694 705 1758 de
729 1693 788 1757 tali
812 1695 945 1774 negotio
969 1693 1054 1757 nihil
1080 1713 1116 1757 se
1130 1694 1332 1761 auditurum.

244 1789 295 1854 Ea
310 1795 366 1857 ubi
380 1794 533 1859 Achilles
556 1795 702 1874 accepit,
723 1795 773 1857 ira
793 1793 943 1858 concitus
966 1794 1144 1865 exclamat,
1168 1813 1205 1856 se
1231 1801 1334 1870 eum,⁴

243 1894 484 1974 cumprimum
507 1899 639 1975 tempus
664 1892 812 1955 bellandi
834 1892 935 1967 toret,
946 1894 1203 1956 interemturum.
1247 1894 1334 1957 Dein

124 2074 131 2081 ε
240 1992 345 2051 enimi
355 1990 544 2070 jactatione
556 1991 703 2064 saucius,
714 1990 778 2052 huc
790 1997 892 2070 atque
902 1990 981 2053 illuc
992 1993 1159 2065 oberrans,
1171 1991 1334 2053 interdum

246 2092 355 2148 temen
381 2097 548 2169 quatenns
570 2089 727 2169 presenti
751 2089 1068 2169 negotio'uteudum
1091 2097 1181 2152 esset
1201 2089 1335 2153 consul-

246 2191 326 2251 tare.
370 2185 420 2251 At
435 2188 493 2252 ubi
507 2207 583 2252 curn
597 2186 811 2252 Automedon
821 2188 943 2270 jactari
956 2189 1078 2265 animo,
1095 2193 1194 2271 atque
1215 2188 1249 2252 in
1263 2185 1334 2253 dies

125 2308 135 2317 ·
244 2288 352 2370 magis
378 2290 551 2372 magisque
576 2295 719 2354 aestuare
742 2280 922 2367 dediderio,
950 2309 991 2355 ae
1017 2295 1210 2372 pernoctare
1229 2297 1333 2355 >extra

243 2388 384 2452 tentoria
411 2388 651 2466 animadvertit,
664 2392 799 2467 veritus,
821 2408 864 2452 ne
891 2390 970 2472 quid
994 2390 1169 2454 adversum
1191 2408 1241 2468 se,
1272 2400 1333 2457 aut

247 2491 283 2552 in
303 2490 516 2572 supradictos
537 2509 629 2573 reges
650 2489 830 2567 moliretur,
846 2487 1004 2555 Patroclo
1027 2497 1127 2573 atque
1140 2488 1241 2574 'Ajaci
1263 2512 1332 2556 rem

245 2596 396 2655 cunctam
421 2591 541 2673 aperit.
585 2590 700 2674 Hique
724 2590 934 2657 dissimulato
949 2591 1040 2674 quod
1062 2592 1332 2679 audierantcum

243 2710 316 2773 rege
327 2699 347 2727 ¹¹¹
369 2699 621 2758 commorantur.
652 2690 704 2755 Ac
718 2691 805 2756 forte
820 2693 966 2775 quodam
979 2701 1126 2777 tempore
1140 2693 1331 2759 recordatus

245 2792 308 2869 sui,
322 2794 515 2858 convocatis
530 2791 778 2876 Agamemnone
793 2798 826 2856 et
838 2791 1004 2870 Menelao,
1016 2795 1192 2876 negotium,
1206 2800 1243 2858 nt
1257 2813 1332 2876 ges·

245 2898 409 2971 tumeret,
423 2893 685 2977 desideriumque
703 2894 812 2975 ⁵animi
839 2895 966 2975 aperite
988 2913 1011 2957 a
1024 2895 1099 2975 quis
1113 2894 1279 2970 nunninus,
1292 2901 1333 2957 ut

244 2993 333 3058 bono
355 2997 468 3059 animo
492 3003 614 3076 ageret,
637 2994 876 3077 respondetur:
898 2995 992 3058 brevi
1015 2995 1141 3076 quippe
1163 2992 1333 3055 dominum

245 3112 323 3158 eum
337 3093 505 3179 ioreejus,
520 3105 645 3181 quaml
667 3092 878 3180 deprecando
902 3113 966 3158 non
989 3091 1236 3177 impetraverit:
1258 3109 1332 3172 quae

698 3286 881 3312 ‘cumeneo

246 3414 407 3466 inserendum
424 3420 498 3477 pultat
513 3419 629 3467 voculam
647 3422 711 3472 lec.-
735 3422 766 3470 Ρ.
776 3437 797 3471 e.
810 3422 839 3470 C·
858 3421 896 3470 M.
915 3422 966 3470 leae
980 3420 1047 3471 uA.
1064 3421 1218 3470 allata-2
1233 3418 1331 3482 Delplr.

141 3512 147 3519 -
245 3479 395 3545 posidet
413 3477 521 3528 Omittit
533 3480 624 3543 Delon.
638 3498 727 3535 vneenr
744 3487 893 3536 tendite-l
911 3485 1020 3535 Omittit
1038 3486 1206 3549 Dolonem,
1225 3491 1252 3535 et
1273 3496 1332 3532 mox

735 3658 841 3717 NOTAE

276 3765 645 3832 macetranorum]
660 3767 706 3819 Ait
717 3770 767 3819 Pu·
807 3770 900 3820 modo?
1084 3814 1088 3823 .

243 3843 363 3906 lyxeuanr
374 3848 504 3891 auctorem
513 3850 541 3891 et
548 3857 675 3894 ruaaoreru
686 3843 767 3895 iniere
840 3851 858 3876 ¹
876 3844 936 3892 Cum
943 3843 1009 3907 rege]
1029 3842 1139 3892 Achille.
1289 3864 1294 3877 ·

242 3917 311 3967 illiue
323 3917 397 3968 racel.
839 3917 990 3967 mentm
998 3914 1331 3980 msereelurJSeripalue

276 3989 673 4044 *Siciliainermeerreilun
681 3995 767 4058 prode·
807 3985 1332 4054 debuitDietya,⁴Domlnumeunrriiore

242 4069 293 4133 ret]
309 4070 406 4120 Nescio
417 4067 657 4133 undehochetyr·
807 4065 1033 4133 ejusqurm,'&c.
1134 4082 1137 4089 ’

277 4142 373 4208 hiller]
399 4143 481 4208 Nota,
500 4157 547 4209 pro
566 4144 680 4209 ‘aliter,’
702 4143 770 4193 ‘alio
