3144 4982
455 462 502 510 nn
526 461 645 511 necno
667 460 842 510 ruorsno
868 462 940 509 cru.
963 459 1002 510 rr.
1202 444 1267 509 169

174 600 260 686 [uu]
283 601 382 680 Quod
397 605 454 668 nbi
467 606 574 671 nostri
588 605 856 680 animadvertere,
870 606 905 668 in
920 622 1075 688 campum
1090 606 1265 686 progressi,

175 724 271 768 more
286 704 414 770 militiae
431 707 537 770 aciem
553 706 718 781 ordinant,
732 706 887 788 magistro
903 725 944 770 ac
958 710 1160 788 praeceptore
1174 722 1266 768 eom·

175 805 322 888 ponendi
337 804 518 871 Mnestheo
532 807 748 872 Atheniensi:
770 805 926 872 ordinant
950 813 1059 870 autem
1074 823 1134 887 per
1153 811 1265 887 gentes

176 911 279 989 atque
302 907 454 989 regiones
484 908 643 991 singulas,
674 927 824 973 seorsum
852 914 1006 972 manente
1027 904 1162 971 Achille
1187 924 1266 969 cum

175 1006 427 1090 Myrmidonum
442 1009 599 1075 exercitu.
644 1009 682 1074 Is
708 1028 850 1093 namque
870 1025 1057 1091 quanquam
1077 1007 1122 1071 ob
1138 1004 1266 1070 illatam

175 1107 221 1170 ab
249 1106 497 1189 Agamemnone
524 1108 688 1195 injuriam,
719 1117 754 1175 et
787 1107 967 1173 abductam
994 1105 1266 1191 Hippodamiam,

174 1207 256 1271 nibil
282 1207 383 1271 animi
407 1208 597 1290 remiserst3
628 1216 740 1275 tamen
763 1209 911 1274 maxime
935 1208 1146 1292 indignatus⁸
1175 1205 1266 1290 quod

173 1307 307 1392 reliquis
329 1307 472 1373 ducibus
494 1310 538 1373 ad
557 1330 690 1376 emnam
705 1309 874 1385 deductis,
895 1308 988 1373 solus
1009 1308 1192 1374 contemtui
1206 1305 1266 1370 ba·

173 1407 264 1473 bitus
277 1409 554 1475 intermitteretur.
597 1411 752 1477 Ceterum
768 1411 925 1476 ordinato
946 1409 1105 1486 exercitu,
1125 1427 1165 1474 uc
1186 1415 1265 1473 tone

175 1507 318 1590 primum
331 1510 483 1576 omnibus
498 1511 629 1595 copiis·
651 1512 829 1575 adversum
853 1530 888 1575 se
907 1510 1078 1576 instructis
1103 1509 1265 1586 hostibus,

176 1609 236 1673 ubi
258 1617 370 1675 neutra
385 1631 464 1694 pars
479 1610 712 1678 committereb
732 1610 844 1689 audet,
866 1612 1039 1696 paulisper
1054 1612 1086 1674 in
1101 1609 1199 1674 locoe
1215 1629 1266 1675 re·

176 1709 273 1775 tentis
299 1712 472 1790 militibus,
498 1721 656 1799 tauquam
684 1712 725 1785 de
750 1711 911 1779 industria
936 1714 1090 1796 uinoque
1115 1713 1266 1794 receptui

177 1813 314 1878 canitur.
358 1814 440 1898 [θλ]
461 1815 483 1880 J
485 1834 607 1899 amque
621 1814 736 1880 Grreci
751 1815 891 1895 regressi
904 1814 948 1878 ad
963 1832 1081 1889 naves,
1103 1830 1195 1877 arma
1209 1813 1266 1879 de·

177 1930 309 1997 ponere,
328 1934 369 1979 ac
384 1916 505 1998 singuli
517 1935 580 1998 per
592 1916 668 1979 locu
682 1915 784 1979 solita
798 1933 923 1997 corpus
937 1915 1012 1978 cibo
1027 1931 1142 1976 curare
1155 1933 1267 1978 occoe·

177 2019 317 2093 perent3
339 2033 416 2077 cnm
435 2014 582 2077 Achilles
602 2015 708 2077 ultum
733 2014 781 2077 ire
804 2016 943 2097 cupiens
966 2012 1115 2095 injuriae,
1138 2013 1268 2091 ignarm

178 2111 312 2174 consilii
328 2113 379 2174 sui
393 2121 536 2188 nostros,
558 2119 592 2176 et
605 2113 649 2175 ob
664 2111 698 2175 id
713 2112 824 2175 otiose
842 2117 991 2194 agentes,
1013 2111 1101 2174 ciem
1116 2110 1268 2173 invadere

180 2216 298 2274 tentat.
341 2207 388 2273 st
399 2210 457 2273 ubi
469 2209 614 2293 Ulysses
626 2230 649 2275 a
663 2210 884 2289 cusrtodibus,d
902 2213 959 2295 qui
974 2210 1182 2294 eruptionem
1194 2209 1268 2292 ejus

178 2320 433 2394 praesenserant,
443 2372 446 2377 ,
458 2331 525 2377 rem
544 2312 713 2396 comperit,
727 2331 866 2397 propere
889 2312 993 2377 duces
1008 2313 1267 2377 circumcursans

177 2429 297 2493 magna
320 2430 403 2477 vnce
429 2421 551 2491 mouet,
574 2421 676 2497 atque
701 2415 846 2479 hortetur
866 2415 915 2479 uti
939 2414 1039 2478 armis
1062 2413 1200 2496 arreptis
1216 2422 1266 2478 tu·

177 2520 310 2577 ereuiur
334 2533 432 2579 sese:
462 2514 541 2579 dein
564 2515 739 2580 consilinm
765 2517 1001 2600 inceptumque
1025 2514 1168 2580 Achillis
1196 2515 1265 2579 siu·

179 2613 266 2696 gulis
286 2617 412 2699 aperit:
434 2637 500 2701 quo
516 2617 665 2700 cognito,
685 2617 809 2682 clamor
829 2618 944 2700 ingens
957 2618 1070 2694 oritur,
1083 2615 1267 2681 festinanti-

180 2716 242 2779 bus
256 2716 299 2780 ad
314 2737 407 2783 arma
417 2720 548 2785 cunctis
563 2738 604 2784 ac
618 2739 767 2784 seorsum
778 2720 841 2784 sibi
852 2720 991 2802 singulis
1002 2717 1265 2784 consulentibus.

181 2817 235 2882 lta
248 2817 399 2886 Achilles
413 2841 581 2906 praeverso
604 2819 646 2887 de
667 2842 704 2888 se
727 2824 865 2898 nuntio:
887 2822 946 2886 ubi
971 2840 1086 2885 omnes
1109 2820 1143 2882 in
1165 2819 1265 2882 armis

672 3003 780 3055 NOTAE

180 3131 234 3166 rom
253 3117 339 3181 liugos
356 3117 410 3167 iste
428 3116 603 3182 dispersorum
622 3116 702 3165 bosri·
740 3115 811 3163 roim
821 3113 859 3163 lsi
869 3109 955 3172 τοῦμὴ
966 3110 1090 3173 κληθῆναι,
1099 3107 1108 3136 ⁴
1120 3104 1202 3155 sutri
1213 3107 1269 3172 quis

180 3190 258 3239 num!
742 3188 822 3242 diest,
833 3187 865 3236 sd
878 3198 977 3236 eoensrn
989 3183 1082 3246 vcesri,
1100 3179 1269 3230 bonorificen-

213 3270 223 3295 ¹
234 3263 319 3314 Tenes
327 3265 429 3315 ssssisrs
438 3264 588 3328 isdigsstss]
596 3264 704 3328 supple,
743 3262 885 3323 tissimum
904 3274 963 3309 nsm
973 3258 1031 3325 qols
1041 3272 1091 3309 non
1103 3264 1207 3307 rocetos
1218 3255 1270 3308 fuit

182 3344 247 3385 ersi.
277 3338 328 3387 Sed
345 3353 392 3400 spo
408 3340 451 3390 bie
463 3340 563 3404 Dictys
581 3341 703 3402 demiror,
742 3338 867 3401 scuriles,
884 3335 1031 3387 succensuit
1050 3333 1157 3385 Aebirls
1173 3335 1199 3383 in
1217 3335 1268 3384 Το-

181 3411 226 3476 qui
244 3410 368 3463 debiliore
388 3428 438 3463 non
458 3417 703 3468 rsarobsbductsm
742 3414 819 3465 uedo.
852 3412 901 3463 Ille
920 3418 1006 3460 sotem
1024 3409 1269 3474 qnisuoursstims·

180 3486 381 3550 Hippodamiam
399 3487 556 3553 indigestum
571 3491 706 3555 describit,
744 3500 785 3542 ins
798 3489 884 3540 iuersi
902 3486 1059 3549 succensuit,
1073 3483 1228 3550 sccedltqne
1239 3483 1267 3534 id

181 3577 257 3628 quon
274 3561 342 3627 qood
362 3561 395 3612 sd
409 3577 507 3613 censor
520 3568 642 3616 camsilis
653 3580 704 3617 non
744 3582 776 3617 ex
787 3564 896 3631 eoquod
911 3577 961 3614 non
973 3568 1076 3613 vocatus
1088 3558 1156 3610 ibit?

180 3636 260 3686 inerit
278 3644 391 3687 soestss.
428 3639 585 3690 Meminerat
603 3642 705 3692 scilicet
775 3650 789 3676 ⁸
805 3641 921 3690 Ossibus
938 3637 1023 3702 copiis]
1042 3632 1197 3686 ‘instructis
1212 3633 1268 3683 bos·

180 3718 270 3762 noster
289 3711 382 3776 Dictys
401 3712 472 3763 Deos
492 3714 572 3765 etism
590 3716 650 3765 sitm
669 3716 704 3766 ob
744 3716 813 3766 tibus
832 3714 967 3765 sdversom
986 3727 1014 3763 ss
1033 3710 1150 3762 omnibns
1168 3707 1268 3771 copim

83 3854 87 3861 ι
181 3786 263 3837 srnlrs
276 3787 434 3837 commbsnm
446 3787 535 3838 elsdes
544 3792 647 3854 populls
657 3791 717 3841 im·-
742 3790 949 3856 Subiereiiigitnr
960 3788 1118 3855 propositio,
1127 3788 1135 3816 ⁸
1145 3799 1203 3835 enm
1214 3798 1268 3835 orn·

179 3863 287 3925 misisse,
305 3870 335 3913 ut
350 3863 384 3912 sb
400 3864 431 3913 iis
448 3878 537 3927 poenss
547 3872 705 3931 repeterent.
744 3867 820 3918 nibus
830 3864 928 3930 coptu:

179 3937 240 3989 Hos
248 3943 335 3988 sutem
346 3937 495 3988 immurssse
503 3938 604 3990 ridetur
611 3940 704 4005 Dictys
775 3942 788 3978 b
805 3939 968 4004 walliers]
993 3938 1113 4002 Proprie,
1130 3935 1157 3986 id
1170 3942 1220 3998 esi,
1230 3935 1268 3984 in·

179 4028 213 4064 ss
225 4006 378 4078 Aristotele,
395 4026 427 4062 rr.
442 4012 519 4065 ubet
534 4019 576 4066 24.
593 4016 637 4066 nbi
655 4014 710 4075 isi
745 4015 832 4082 cipere
843 4034 849 4065 ι
859 4013 1021 4066 nosdielmns
1031 4014 1130 4063 dosssr.

177 4105 215 4140 ro
228 4088 297 4153 φαίη,
308 4087 337 4137 τὺ
347 4087 387 4137 bl
395 4090 489 4138 &im
499 4090 612 4148 mmm
623 4084 703 4152 τὶμιῦ·
773 4100 785 4128 ⁶
801 4092 832 4143 bs
841 4090 901 4155 iseo]
918 4090 1039 4142 Graecum
1050 4084 1141 4136 ebriis.

177 4179 259 4215 rw·
275 4165 313 4214 διὰ
325 4163 373 4227 nir
385 4163 415 4214 ri
430 4164 464 4225 ri
474 4167 589 4224 onim
600 4166 705 4227 vexo
775 4169 787 4204 ¹
803 4163 981 4227 susurro]
1002 4164 1053 4213 ne·
1064 4159 1204 4209 minem

179 4240 231 4292 urbs
242 4241 393 4301 immersis
402 4241 507 4303 Ἀχαιοῖς
518 4242 544 4290 ds
553 4243 653 4301 Terede.
675 4242 706 4290 ‘0
777 4249 789 4276 ·
805 4243 929 4291 Pom
939 4240 968 4286 ds
978 4251 1004 4285 ss
1014 4231 1108 4295 usuro]
1132 4231 1156 4281 1.
1168 4245 1191 4279 e.
1204 4240 1268 4290 prs·

178 4316 244 4367 rto
258 4315 427 4381 eumenen
445 4316 552 4380 δμῆιισι,
571 4314 660 4375 sorim
676 4315 703 4366 ii
742 4323 878 4379 oeenpsto.
905 4311 980 4371 Vlrp.
990 4309 999 4337 ‘
1010 4306 1198 4364 volucremque
1209 4297 1269 4360 iuga
