3208 4968
499 401 547 450 un
571 399 692 448 sunno
714 396 887 447 raurauo
911 398 984 447 ιιι.
1009 400 1050 448 ιι.
1251 386 1315 450 407

227 540 475 627 Myrmidonum
489 560 658 627 proceres.
701 540 834 607 (laesum
849 540 961 622 lugere
974 544 1156 624 parentem,

226 643 434 707 Exhaustum
448 644 575 708 vidisse
593 642 741 718 domum,
754 641 935 724 lapsosque
951 652 1106 723 penates,

226 744 278 809 Sit
292 745 393 810 satis:
418 745 601 809 Hesionam
616 743 772 827 lacrymis
787 742 907 807 solatia
922 744 1025 807 tantis

227 843 383 910 Reddite.
429 846 539 909 Parva
553 844 687 928 quidem
700 862 820 926 posco,
835 842 894 907 sed
908 844 1051 908 muueris
1066 845 1173 910 instar

227 943 380 1028 Majoris,
396 947 474 1011 ritae
489 946 622 1029 puriter,
637 945 826 1029 pariterque
841 943 943 1008 saluti

228 1046 424 1112 Exanimem
441 1048 576 1112 dabitis.
620 1047 678 1111 Sic
694 1052 874 1128 postquam
889 1049 1027 1128 questus
1040 1055 1075 1112 et
1087 1046 1167 1131 ipsi,

227 1146 272 1211 Et
286 1150 339 1212 cui
356 1148 473 1214 charta
487 1148 593 1225 datur,
608 1147 741 1230 tepidus
756 1146 829 1210 fluit
842 1146 962 1211 humor
975 1147 1010 1210 in
1026 1167 1093 1214 ora

269 1249 428 1329 Antenor,
447 1250 611 1334 Zephyris
626 1248 787 1313 blandum
800 1246 1045 1331 spondentibus
1059 1269 1187 1334 sequor,

226 1350 352 1417 Haurit
364 1353 445 1417 iter:
467 1351 670 1434 rapiensque
686 1348 783 1413 ducis
796 1348 954 1413 mandatu
969 1368 1031 1431 per
1044 1351 1162 1430 undae,

227 1449 392 1535 Magnesii
409 1452 502 1529 tinea,
518 1452 660 1537 Sparten
674 1451 886 1534 praetervolat
899 1451 1013 1530 altam,

178 1580 182 1589 ·
226 1552 480 1638 Fatidicamque
494 1554 619 1637 Pylon,
633 1554 753 1635 paucis
768 1552 825 1617 ubi
839 1559 949 1618 tracta
961 1551 1079 1618 diebus
1198 1570 1207 1585 ·

225 1653 306 1720 Otia
319 1656 505 1742 dequestus
519 1656 629 1721 cedit:
652 1674 719 1721 non
729 1655 834 1719 Pelea
849 1673 1015 1736 magnum,

223 1755 436 1840 Tyndaridas
449 1759 608 1841 geminos,
623 1757 755 1839 Pyliam
768 1755 893 1820 flexere
910 1762 1080 1820 senectam

223 1856 339 1923 Verba
353 1859 468 1923 ducis:
489 1859 559 1922 laeti
574 1856 708 1921 tandem
721 1854 917 1920 Telamonis
930 1855 974 1919 ud
989 1855 1103 1919 urbem

224 1956 346 2021 Flectit
359 1958 430 2033 iter,
452 1955 680 2037 lachesisque
696 1954 809 2034 fugam
824 1954 971 2035 vestiget
983 1954 1018 2016 in
1031 1972 1155 2017 ornnes.

267 2055 379 2137 Regia
392 2057 483 2120 celsa
496 2056 590 2130 uitet,
603 2054 841 2137 completaque
857 2055 982 2119 murice
997 2054 1102 2118 multo

224 2157 382 2238 Purpura
396 2153 554 2219 Sidonios
568 2154 728 2238 dispergit
742 2156 775 2220 in
790 2156 875 2221 atria
888 2156 1001 2234 luxus,

142 2242 144 2247 ⁴
224 2255 400 2320 Solennem
415 2255 568 2320 confessa
581 2256 681 2335 diem,
697 2276 764 2341 qua
775 2258 888 2342 jungit
902 2258 1037 2322 herilem

223 2356 246 2422 J
250 2376 315 2421 uno
330 2361 457 2422 torum:
479 2358 559 2423 loeto
574 2360 687 2424 cuncti
704 2361 867 2425 connubia
881 2359 1004 2442 plausu

223 2457 477 2534 Concelebrant,
491 2458 682 2542 populoque
697 2478 757 2525 suo
770 2461 948 2525 certamina
961 2461 1068 2545 prima

220 2556 457 2642 Ventripoteus
472 2560 568 2643 ponit
582 2560 715 2641 genius:
737 2577 870 2625 erasure
884 2559 1049 2640 decorum,

221 2658 266 2724 Er
280 2679 410 2725 mensas
425 2661 551 2727 variare
560 2661 679 2744 jurat:
702 2679 763 2726 neo
780 2662 905 2746 pocula
920 2662 1040 2728 desunt

715 2889 822 2942 NOTAE

251 3025 285 3071 tt
302 3019 504 3086 Msmdtflrrer]
519 3021 600 3085 Lego,
610 3029 638 3070 nt
650 3022 746 3072 heers-
787 3033 858 3070 ramo
867 3020 932 3070 olet
944 3020 1104 3070 retstolens.
1121 3021 1233 3072 hue-ru.
1245 3027 1311 3075 ‘eut

121 3118 130 3147 ι
221 3095 270 3145 tius
281 3109 320 3145 vr.
337 3096 481 3161 ιΜιςιιοιῙ
494 3094 597 3146 flumine
609 3097 683 3147 reri)
786 3104 866 3160 tuque
885 3095 986 3158 insigne
1005 3095 1118 3145 verendo
1129 3096 1238 3147 vittata
1255 3100 1309 3150 len·

252 3175 281 3220 71
302 3170 745 3237 Fatidicssrqrrrl'ylcrr10ursrts'di·
786 3183 829 3220 rur
851 3177 878 3219 st
899 3168 1022 3233 supplicis
1044 3169 1121 3218 arhor
1142 3170 1234 3221 olim)
1264 3173 1309 3223 Sic

220 3260 263 3294 es:
281 3246 454 3308 etquenam?
470 3254 524 3296 tres
536 3248 605 3298 enlm
616 3248 746 3311 conomi-
785 3245 854 3310 apud
870 3244 943 3308 virg.
958 3243 1067 3308 ‘pacem
1084 3241 1209 3308 prtistsr
1227 3245 1311 3296 ollre'

221 3333 267 3369 nes
278 3318 304 3367 iu
317 3318 422 3383 Pelopis
434 3321 484 3369 lsts
494 3323 587 3373 insule.
625 3324 745 3374 PrlurA·
786 3322 852 3372 Cum
867 3319 963 3371 ambitu
983 3318 1041 3369 rtds
1059 3325 1179 3381 agentem
1196 3318 1230 3369 ds
1244 3320 1309 3370 letae

221 3392 370 3457 poltodornr
381 3407 400 3445 ι.
409 3395 563 3449 uredocuitr
574 3398 702 3450 habitarit
710 3399 746 3448 lbi
785 3414 814 3450 re
825 3399 988 3450 Paschritum
1001 3397 1043 3446 De
1055 3397 1133 3458 tegra
1143 3401 1185 3448 Β.

220 3467 365 3530 Melampus
376 3477 465 3520 rates:
482 3471 516 3521 de
526 3487 578 3537 quo
588 3475 654 3524 mira
665 3474 735 3525 inihi.
815 3479 849 3526 ld
867 3475 1034 3537 Conlatum
1043 3472 1130 3524 uria
1139 3472 1225 3537 nnus]
1247 3475 1308 3525 Vld.

250 3543 746 3613 ”Otisdrqsestsdllorsruempset
784 3554 871 3601 ulti.

220 3617 516 3680 comperendinationes.
558 3623 625 3673 Vide
659 3623 744 3673 ceroti
815 3630 846 3676 81
867 3625 1031 3689 Ventripoteus
1044 3624 1111 3688 perit
1127 3625 1224 3689 nster]
1248 3634 1308 3678 rsu-

220 3693 350 3744 Pssclrslli
361 3694 484 3755 laentum
496 3700 537 3747 td·
553 3697 647 3761 Pupio·
659 3711 681 3747 r.
695 3698 746 3748 ἰιι
784 3701 919 3766 ephrem.
936 3699 1220 3767 tuPsptutasr.Sytr.
1231 3703 1309 3754 ‘rsu-

219 3769 345 3832 rrrttsrqne
357 3770 623 3836 Notcsdeqrrsrtnset
631 3773 747 3825 imhml
785 3775 908 3840 tritoqnt,'
917 3773 1104 3839 lnssrprpdtn
1109 3776 1255 3842 συμπίοι,
1266 3793 1309 3829 re·

219 3844 370 3899 flunthsrur
381 3858 402 3895 ι.
418 3847 427 3873 ‘
437 3846 555 3911 dequesti
564 3849 682 3899 crudelis
692 3847 745 3900 ise·
785 3865 815 3901 ro
826 3865 877 3901 non
886 3851 980 3901 inscito
991 3850 1124 3901 describit.
1286 3916 1291 3921 Ι

219 3929 247 3971 ts
260 3920 382 3984 tyranni?
817 3930 850 3977 82
866 3927 902 3976 Et
918 3940 1009 3976 mm
1023 3925 1118 3975 aschre
1129 3925 1213 3989 jecut]
1228 3926 1309 3977 ssun’

249 4001 282 4047 '1⁵
301 3996 546 4061 luloelmssm
554 4002 745 4064 wulfuinum·
784 4010 871 4064 muts,
885 4015 934 4066 pro
951 3999 1114 4066 istoquidem
1131 4000 1244 4051 uculo?
1260 4001 1309 4053 nisi

217 4072 271 4137 ιιιι]
281 4086 320 4122 rr.
328 4077 386 4123 770.
398 4076 406 4102 ⁴
416 4073 475 4123 Fati
486 4071 607 4137 inpacta
615 4079 720 4127 timetur
730 4081 747 4128 r’
785 4092 832 4142 per
842 4090 953 4140 mensas,
964 4082 994 4127 ut
1005 4076 1043 4126 ait
1054 4075 1132 4125 Orld.
1144 4088 1183 4125 rx.
1201 4076 1309 4129 Metam.

218 4149 282 4217 qnia
296 4148 400 4213 legatur
411 4156 495 4201 tntum
513 4148 564 4199 lter
576 4151 744 4215 etrdmisqlo·
784 4152 889 4209 ‘felicis
910 4166 985 4217 pomo
1005 4149 1151 4214 mcucdu,'
1169 4151 1310 4215 rmhrsre

217 4238 277 4276 uem
298 4223 451 4290 quarsbst:
478 4223 596 4275 solehsut
615 4226 642 4278 id
658 4227 745 4279 t'seere
786 4226 1105 4291 etpralrrsrsintelligin
1128 4228 1196 4294 quod
1210 4231 1309 4280 nouri-
