3010 4978
309 379 353 443 16
747 393 953 442 onerario.

310 537 503 621 Pboeuiceis
532 536 660 600 litoris:
691 538 766 618 quae
788 537 858 618 jorn
882 555 1034 600 reversus
1061 535 1171 600 senior
1190 536 1225 599 in
1247 534 1387 609 Cretam,

308 640 466 722 praecepit
494 638 634 701 moriens
664 636 700 701 ut
729 656 842 701 secum
870 638 1097 720 sepelirentur.
1139 635 1258 718 itaque
1280 645 1319 700 nt
1338 637 1388 700 iiie

304 741 465 829 jusserat,
479 744 679 802 memoratus
693 739 795 816 iilias,
805 740 838 802 in
850 745 987 803 stannea
1001 739 1115 803 arcula
1129 738 1305 819 repositas,
1319 737 1388 821 ejus

308 841 435 905 tumulo
449 840 673 904 condiderunt.
718 838 840 904 Verum
856 841 981 905 secutis
1004 839 1219 923 temporibus,
1240 836 1390 901 tertiode-

308 942 395 1005 cimo
420 959 508 1005 anno
525 940 672 1005 Neronis
692 940 835 1022 imperii,
847 941 882 1003 in
897 939 1017 1005 Gnoso
1032 939 1167 1009 civitate
1186 944 1390 1003 terraemotus

307 1043 401 1118 fecti,
414 1061 489 1106 curn
504 1042 617 1120 muita,
633 1049 704 1106 tum
725 1044 825 1106 etiam
845 1042 1031 1123 sepulcrum
1050 1040 1172 1123 Dictys
1197 1040 1244 1103 ita
1270 1036 1391 1122 patefe-

308 1147 432 1220 cerunt,
447 1149 483 1208 ut
507 1163 529 1207 a
547 1143 791 1207 transeuntibus
806 1143 920 1207 arcula
941 1143 1114 1206 viseretur.
1158 1140 1318 1204 Pastores
1333 1141 1392 1203 ite·

308 1263 373 1326 que
398 1249 640 1326 proetereuntes
660 1261 735 1306 enm
750 1242 837 1306 hanc
861 1242 1036 1320 vidissent,
1052 1241 1239 1305 thesaurum
1253 1241 1330 1317 rati,
1346 1260 1393 1304 se·

307 1344 426 1428 pulcro
446 1345 671 1409 abstulerunt:
694 1351 729 1408 et
751 1351 866 1426 aperta
889 1364 932 1408 ea
955 1345 1150 1408 invenerunt
1168 1342 1257 1406 tiiias
1282 1343 1394 1421 incog-

307 1444 388 1507 nitis
404 1444 470 1506 sibi
485 1444 593 1508 literis
608 1444 841 1527 conscriptas:
863 1446 1092 1528 continuoque
1116 1442 1159 1506 ati
1182 1461 1277 1506 snum
1292 1442 1395 1507 domi·

307 1565 382 1609 num
392 1544 621 1626 Eupraxidem
636 1544 802 1627 quendam
817 1546 949 1609 nornine
960 1544 1185 1627 pertulerunt:
1201 1545 1258 1627 qni
1267 1543 1396 1627 agnitas

307 1664 458 1727 quoenarn
491 1651 602 1709 essent
631 1645 744 1709 literas
775 1644 907 1709 Rutilio
931 1643 1021 1708 Rufo
1045 1643 1136 1707 iliius
1164 1644 1282 1710 insoles
1317 1652 1396 1711 tnnc

308 1744 503 1809 Consuiarig
527 1745 658 1808 obtulit.
702 1743 857 1808 iliacum
880 1742 1074 1828 Eupraaide
1093 1742 1137 1807 ati
1155 1742 1321 1809 Neronem
1337 1744 1397 1808 ob·

306 1845 375 1910 lata
398 1846 463 1911 sibi
490 1846 680 1929 transmisit,
694 1844 894 1909 existimans
919 1844 956 1907 in
976 1843 1028 1908 bis
1051 1840 1202 1924 quaedam
1217 1843 1399 1908 secretiora

307 1949 485 2013 contineri.
529 1946 618 2012 Haec
643 1953 753 2010 autern
782 1965 859 2011 cunr
882 1946 977 2011 Nero
1004 1942 1206 2025 accepisset,
1235 1942 1398 2007 adratis

307 2056 427 2132 setque
443 2051 590 2115 Punicas
604 2068 681 2114 esse
694 2049 820 2125 literas,
833 2049 948 2113 barum
972 2046 1102 2130 peritos
1119 2043 1162 2108 ati
1188 2064 1225 2108 se
1245 2045 1398 2109 vocavit:

307 2150 366 2234 qui
381 2137 457 2216 cunr
470 2152 650 2229 venissent,
658 2152 866 2234 interpretati
881 2156 956 2213 sunt
970 2148 1094 2211 omnia.
1123 2144 1289 2226 ¹(lunaque
1306 2144 1399 2209 Nero

306 2252 532 2330 cognovisset,
549 2252 680 2332 antiqui
695 2252 771 2323 viri,
787 2252 847 2331 qui
870 2248 959 2331 apud
986 2247 1086 2311 Iliurn
1101 2244 1222 2319 fuerat,
1235 2242 1311 2309 brec
1325 2265 1398 2309 esse

307 2355 530 2422 monumenta,
539 2347 643 2427 jussit
667 2347 701 2407 in
717 2346 876 2409 Graecum
900 2363 1088 2408 sermonem
1108 2344 1175 2406 iste
1189 2344 1400 2410 transferri1*

306 2532 415 2583 eundern
435 2548 567 2583 numerum
586 2546 713 2590 renuas,
729 2541 758 2583 et
772 2534 833 2583 raai-
873 2541 1011 2598 peratore3
1028 2535 1077 2584 hcc
1088 2540 1198 2597 certum,
1213 2536 1301 2599 piures
1311 2535 1402 2600 anagia·

307 2608 357 2658 dua
368 2616 478 2673 quatuor
489 2611 522 2659 tie
536 2610 620 2661 reditu
636 2610 788 2659 Graecorunr
806 2610 832 2659 in
874 2616 956 2660 tratur
975 2611 1024 2661 troo
1041 2611 1143 2660 nomine
1155 2610 1294 2675 praefectos
1309 2614 1402 2664 aCon·

307 2699 384 2735 unum
394 2685 533 2750 redigisse.
566 2687 619 2737 Ubi
632 2686 689 2735 ride
698 2701 755 2751 qus
763 2686 834 2737 dicta
874 2688 987 2738 stantiae
999 2687 1085 2751 parvis
1097 2694 1124 2737 et
1135 2689 1234 2750 pacatis
1246 2687 1403 2751 provinciis;

306 2766 375 2810 aunt.
875 2763 900 2811 in
920 2763 951 2812 iis
970 2763 1058 2813 Creta.
1094 2762 1322 2827 Notitiaimperii.
1338 2765 1404 2813 Mer·

337 2833 393 2886 ‘la
410 2837 476 2886 titios
494 2837 606 2902 digram]
623 2837 732 2901 Antiqui
749 2851 782 2885 ea
794 2846 834 2886 ιτ·-
874 2855 921 2890 cer.
954 2838 1046 2906 Neque
1068 2852 1156 2888 rernm
1177 2838 1269 2890 catab
1287 2839 1404 2890 Adriano

305 2911 421 2974 boribus,
432 2916 576 2976 praearrtior
589 2930 603 2964 e
615 2915 672 2965 tilia
682 2915 785 2973 arbore,
796 2921 833 2965 ta·
875 2922 974 2965 tanturn
996 2922 1023 2965 et
1041 2928 1056 2964 a
1075 2914 1245 2964 Constantino
1266 2914 1404 2966 institutos

305 2985 387 3037 beliar
407 2988 589 3048 conficiebant,
602 2991 701 3055 ouibus
721 3002 780 3038 cera
792 3004 833 3037 ru·
871 2989 949 3041 fuisse
960 2992 1116 3053 consulares,
1127 2990 1171 3056 qui
1182 3004 1213 3040 eo
1224 2990 1328 3041 nomine
1346 3004 1404 3055 pro·

307 3062 832 3128 perinduetisitartyioacutoreribrbant.
871 3067 968 3117 vinciar
986 3073 1115 3131 regerent,
1132 3066 1230 3131 qnippe
1242 3064 1404 3116 beodiririo

308 3138 342 3189 Et
354 3141 421 3203 quod
433 3141 474 3191 bie
486 3141 554 3191 iiiias
563 3150 639 3190 vocat
651 3148 750 3200 auctor,
767 3138 834 3188 inira
871 3142 1071 3206 provinciarum,
1081 3141 1108 3191 in
1121 3141 1276 3191 Consulares
1293 3150 1322 3192 at
1339 3143 1404 3192 Pro·

306 3213 447 3276 Septimius
459 3215 587 3265 Romanris
599 3216 624 3264 in
640 3215 749 3278 spirtoir
761 3221 836 3263 voert
872 3219 1028 3277 conroiarea,
1048 3222 1109 3266 ante
1131 3215 1331 3267 Constantinum
1354 3218 1404 3267 init

307 3286 429 3350 phyiim,
440 3290 500 3353 qnia
513 3290 568 3341 tiiia
581 3291 605 3338 in
616 3290 776 3339 tenuissimas
783 3289 835 3351 piri·
873 3293 898 3341 in
910 3307 967 3352 uro,
977 3298 1006 3341 et
1016 3290 1050 3340 ab
1068 3291 1125 3354 ipso
1142 3289 1259 3353 Augusto
1275 3291 1405 3353 instituta,

306 3361 374 3424 lyras
394 3377 442 3412 acu
461 3365 637 3426 separabatur,
652 3372 680 3413 nt
692 3364 725 3411 tia
737 3377 835 3428 papyro
852 3408 857 3415 .
874 3367 918 3432 qui
933 3368 959 3415 iu
971 3365 1117 3429 provincias
1127 3378 1187 3413 ruas
1200 3379 1264 3429 quas
1278 3366 1337 3431 ipse
1354 3367 1405 3418 ribi

306 3436 399 3485 scribit
421 3436 491 3486 Ptin.
522 3439 729 3502 ‘Prsparantur
749 3455 782 3488 ex
803 3455 835 3490 eo
874 3440 1004 3491 retinebat
1025 3441 1174 3490 conaniares
1201 3441 1333 3498 mittebat,
1361 3445 1405 3509 qui

306 3510 400 3560 charta
412 3511 493 3562 diviso
504 3513 529 3561 in
541 3522 686 3575 praetenues
696 3515 741 3564 sed
757 3529 834 3579 qrtam
874 3516 978 3580 propris
989 3514 1068 3579 iegati
1081 3515 1228 3564 cooauiaraa
1242 3513 1405 3569 dicebantur.

306 3586 441 3635 latissimas
453 3588 586 3652 philyrae·
619 3588 684 3638 lade
702 3590 727 3638 in
746 3590 832 3640 Gioaa.
875 3589 1404 3661 qurrctarnenconsolaresiiiidictiquoi

304 3667 312 3692 ⁸
322 3663 498 3726 tiliacum!
518 3665 552 3713 Et
561 3672 632 3712 retur
642 3663 744 3713 Horatii
754 3666 833 3714 iuter·
873 3667 991 3717 conantes
1001 3663 1122 3726 inissent,
1130 3670 1159 3713 ut
1166 3663 1243 3727 arrigo
1251 3680 1404 3728 perannum

306 3751 376 3801 praa,
395 3737 513 3803 ‘pbiiyra
524 3746 564 3789 est
576 3747 667 3789 cortex
680 3740 741 3789 titia
757 3740 833 3789 arbo·
873 3749 935 3803 aar,
952 3755 1011 3790 narn
1030 3753 1100 3803 rape
1120 3739 1235 3791 invenias
1256 3748 1405 3796 conaniarea

306 3813 359 3863 ris!
873 3815 1063 3882 provinciarum
1074 3814 1118 3878 qni
1135 3822 1196 3879 post
1210 3816 1404 3871 administrata·

337 3889 456 3940 *stadiis
468 3890 532 3949 Raso
542 3890 763 3940 iuiuairmmaoac
772 3892 835 3940 Coa·
874 3889 1020 3955 provincias
1033 3894 1085 3939 tum
1096 3890 1203 3953 orimum
1220 3892 1344 3944 &narica
1357 3894 1404 3945 sre-

304 3964 446 4028 raiarilita
463 3965 520 4015 iibri
538 3966 641 4028 scripti,
657 3981 708 4015 nou
727 3967 834 4029 meridi,
874 3967 945 4016 barat·
976 3963 1028 4014 Sed
1054 3966 1121 4029 qnod
1144 3981 1202 4017 cunr
1224 3969 1404 4023 consularibus

306 4039 374 4102 quod
396 4040 510 4103 imperiti
533 4048 695 4090 correctores
714 4041 834 4104 vaaharo·
874 4040 1404 4105 ornamentisimperinmadrniniatrarent.

305 4121 371 4167 rant.
388 4115 540 4164 Conaniarea
553 4115 639 4165 roiuni
649 4115 674 4164 in
684 4114 834 4181 quibusdam
874 4116 943 4165 viae
954 4131 1011 4182 quar
1021 4116 1122 4169 notarit
1136 4117 1243 4170 saian.
1259 4119 1285 4169 in
1300 4117 1405 4169 Hiator.

306 4189 590 4255 provinciiainstitutoa
607 4192 639 4241 ab
655 4190 768 4241 Adriano
786 4189 835 4241 iur-
876 4191 986 4255 August.
