3196 4976
311 375 376 443 268
617 400 620 405 ·
661 385 820 436 otenros
842 385 1056 435 narnensis

312 549 447 619 quoque
462 548 538 594 cum
554 528 738 595 Idomeneo
752 549 830 613 rege
843 530 977 597 cretam
992 530 1136 614 patrium
1150 530 1261 596 solum
1275 534 1404 599 summa

311 631 538 716 gratulatione
561 631 685 696 civium
705 631 951 697 remeavimus.⁸
993 631 1054 712 [8.]
1077 631 1168 697 Dein
1182 632 1241 696 nbi
1256 630 1405 712 Orestes,

313 731 497 797 transactis
518 732 671 815 pueritiae
694 731 812 810 anne:
832 732 944 797 officia
967 720 1032 797 viri
1053 733 1176 816 exequi
1200 733 1318 817 ooepit,
1332 740 1407 799 orat

313 832 549 912 Idomeneum,
563 835 612 898 uti
628 851 745 898 secum
755 838 770 868 '¹
792 852 836 897 en
850 852 891 897 ea
904 833 1012 898 insuia
1026 852 1128 915 quam
1148 833 1311 917 plurimos
1332 836 1409 899 mit·

311 939 418 999 teret:
440 952 564 1017 cupere
578 952 720 1017 namque
742 952 780 998 se
800 931 953 998 Athenas
979 935 1146 1015 naugare.
1190 933 1313 1019 Itaque
1336 933 1409 1000 ool·

313 1034 403 1105 lecto
420 1054 556 1100 numero
572 1054 685 1099 eornm
699 1053 786 1118 quos
800 1031 941 1098 idoneos
955 1034 1121 1110 credebat,
1135 1032 1286 1100 Athenas
1301 1036 1408 1101 veniit

314 1135 359 1199 ab
373 1135 426 1199 his
441 1135 608 1201 auxilinm
624 1145 741 1199 contra
754 1133 947 1217 AEgisthnru
959 1140 1044 1199 orat.
1073 1134 1162 1198 Dein
1178 1134 1421 1201 ad'oracoluru·

314 1234 388 1303 adit
396 1243 427 1300 :²
442 1254 710 1320 responsumque
721 1236 795 1313 sert,
807 1236 855 1300 uti
868 1242 1019 1313 matrem,
1029 1240 1063 1300 et
1075 1254 1152 1300 cum
1164 1253 1207 1299 ea
1218 1235 1410 1317 AEgisthum

316 1334 512 1402 interficiat:
541 1354 587 1400 ex
614 1354 683 1418 quo
711 1336 796 1413 fore,
824 1335 875 1400 uti
904 1354 1035 1418 sepum
1064 1337 1208 1420 patrium
1235 1336 1410 1418 reciperet.

317 1434 521 1517 Hujusmodi
534 1436 668 1503 numine
682 1442 849 1501 arnonius³
871 1455 949 1501 oum
962 1436 1126 1519 praedicta
1139 1453 1238 1499 mauu
1254 1431 1297 1499 ad
1313 1434 1410 1499 Stro-

317 1535 432 1619 phium
449 1537 556 1602 venitt
578 1537 609 1601 is
624 1554 769 1619 namque
783 1535 982 1614 Phocensis,
997 1536 1096 1620 cujus
1110 1534 1181 1600 tilia
1195 1536 1229 1600 io
1244 1536 1412 1600 matrimo-

316 1637 406 1701 nium
421 1636 590 1720 AEgisthi'
612 1637 829 1720 denupserat,
843 1636 1035 1719 indignatus
1054 1635 1144 1719 quod
1168 1642 1281 1718 spreto
1300 1636 1412 1718 priore

315 1738 476 1820 conjugio
493 1736 784 1822 clytemnestram
805 1736 1047 1820 superduxerit,
1072 1743 1105 1802 et
1128 1755 1242 1818 regem
1266 1736 1412 1801 omnium

316 1834 606 1920 Agamemnonem
621 1839 755 1904 insidiis
770 1838 985 1916 interfecerit,
1006 1840 1096 1904 ultro
1118 1838 1150 1903 ei
1172 1839 1333 1903 auxilium
1354 1836 1414 1902 ad·

318 1954 453 2005 sorsum
466 1940 717 2006 inimicissimos
733 1940 907 2005 obtuierat.
930 1939 1050 2024 ltaque
1062 1940 1349 2024 conspimtointer
1361 1957 1413 2015 se,

319 2056 400 2103 oum
426 2060 547 2123 magna
573 2060 674 2106 manu
703 2041 871 2127 Mycenas
900 2043 1049 2107 veniunt.
1107 2041 1293 2124 Statimque
1322 2034 1413 2122 quod

319 2141 497 2224 AEgisthus
512 2143 659 2221 suberat,w
680 2145 789 2228 primo
803 2141 1096 2228 Clytaemnestram
1110 2141 1320 2218 interficiunt,
1332 2139 1416 2206 mul·
1550 2206 1559 2219 ,

321 2249 444 2325 tosque
461 2244 550 2309 aiios
565 2245 625 2328 qui
640 2244 795 2309 resistere
810 2246 885 2308 ausi
901 2250 1005 2310 erant.
1049 2244 1135 2308 Deio
1156 2245 1287 2326 cognito
1302 2240 1416 2323 AEgis-

320 2340 413 2405 thum
438 2343 629 2420 adventare,
649 2343 793 2408 insidias
818 2350 959 2426 ponunt,
981 2361 1123 2425 eumque
1148 2342 1418 2406 circumveniunt.

321 2436 406 2502 lude
421 2459 622 2521 peromnem
636 2438 838 2523 Argivorum
863 2439 1027 2523 populum
1044 2440 1207 2503 dissensio
1228 2440 1414 2505 animorum

319 2546 451 2615 exorte,
464 2541 607 2621 quoad⁴
627 2539 766 2623 diversa
779 2542 864 2605 inter
878 2558 916 2602 se
931 2541 1118 2621 cupientes,
1140 2539 1183 2602 ad
1207 2547 1415 2621 postremum

323 2638 357 2700 io
371 2642 484 2719 partes
501 2639 721 2704 discederent.
764 2639 831 2704 Per
845 2640 933 2705 idem
948 2646 1080 2723 tempus
1096 2638 1283 2717 Menelaus,
1298 2639 1420 2723 appul-

325 2757 385 2801 sus
410 2735 567 2826 Cretam?
594 2746 715 2805 cuncta
744 2760 847 2823 super
869 2739 1121 2823 Agamemnone
1149 2759 1314 2826 regnoque
1341 2740 1417 2825 ejus

354 2996 370 3042 2
388 2992 480 3060 Deiph.
491 2993 609 3046 odiit-t
625 2995 750 3063 Vindius.
759 2998 897 3064 legendum
909 3004 986 3064 petat
994 2999 1170 3051 ninutas-4
1181 2998 1275 3064 Deiph·
1284 2998 1355 3062 sesd-

817 3141 925 3195 ΝΟΜ

357 3234 555 3301 ‘Remmium
566 3236 663 3287 Verum
672 3237 717 3288 siit
727 3237 853 3303 scribunt,
893 3245 1007 3291 nestram
1023 3243 1133 3289 sustsem
1149 3242 1177 3289 et
1189 3235 1332 3299 Egisthum
1349 3234 1420 3297 edui-

326 3309 504 3369 idomeneum,
518 3313 599 3363 Crets
615 3314 755 3379 repulsum,
767 3315 854 3365 Ssien·
894 3321 979 3364 terum
995 3312 1144 3364 interfluere
1159 3313 1311 3378 jubebatur,
1328 3325 1378 3362 uon
1395 3311 1421 3362 si

326 3383 394 3431 sinos
402 3399 507 3449 campos
519 3386 777 3446 iultsiisobsedisse,
786 3387 854 3439 uude
892 3404 953 3439 eom
974 3390 1059 3454 esoiis
1081 3390 1190 3451 irruens,
1211 3387 1258 3439 ssd
1279 3387 1349 3444 dolo,
1369 3390 1420 3437 tiss.

327 3456 352 3503 tu
365 3456 453 3508 Asisor
465 3473 583 3511 resersus
596 3463 704 3515 interiit.
739 3464 855 3516 Aiiitrs·
893 3465 962 3517 Vide
976 3465 1097 3531 sophum.
1110 3466 1136 3515 in
1149 3460 1423 3527 etormet-asyam

326 3527 400 3586 dunt,
412 3546 471 3582 eum
482 3545 613 3584 reversum
625 3539 695 3603 sped
706 3539 854 3603 Apollinem
894 3540 1033 3591 Eumenid.
1051 3537 1170 3602 Euripid.
1189 3538 1215 3588 is
1230 3537 1338 3598 Oreste,
1352 3535 1423 3599 Iphi·

327 3603 440 3655 Cissiusu
453 3606 610 3657 consedisse.
893 3617 982 3680 genis,
991 3623 1019 3666 et
1029 3616 1145 3676 Eieetrs,
1158 3613 1254 3678 Hyrie.
1265 3613 1330 3663 Fsb'.
1342 3615 1399 3661 tus.

357 3681 366 3711 i
386 3676 520 3730 Trmsctis
527 3683 724 3751 metusne]
737 3687 856 3755 Orestes,
927 3689 1296 3754 'Csjssfliisisssstsissssisss
1302 3684 1423 3749 AEsistdi]

327 3767 386 3803 eum
395 3755 855 3823 AEghthomoccidit,ustuserstsn·
896 3766 955 3817 Nos
975 3764 1079 3815 memini
1098 3777 1140 3815 ms
1158 3765 1250 3827 lesisse
1265 3763 1338 3825 stibi,
1352 3763 1424 3813 stro·

327 3843 374 3881 nos
384 3834 426 3880 2⁸.
895 3841 982 3905 pistoru
992 3838 1101 3903 AEgisdsi
1113 3838 1329 3891 soeernmfoisse.

361 3905 856 3976 emmerammum
928 3912 1425 3979 veae-mmmmm]

327 3980 406 4042 istud,
417 3981 450 4030 de
467 3982 570 4033 sositiis
581 3981 615 4033 ab
628 3982 724 4035 Oreste
738 4001 857 4054 corrose-
895 3992 936 4045 Es
945 3991 1066 4056 snpnoet
1076 3993 1103 4042 in
1113 3993 1228 4042 Bieetrs.

329 4058 363 4108 tis
380 4066 409 4107 ut
425 4061 524 4120 patrem
541 4071 614 4107 suum
633 4057 809 4121 ulcisceretur,
823 4067 857 4116 sb
928 4072 941 4099 ¹
958 4067 1008 4116 Per
1019 4068 1084 4119 idsss
1099 4072 1189 4132 ποιμα
1200 4066 1334 4127 naeus,
1342 4063 1427 4127 cml·

328 4132 386 4195 ipso
403 4129 582 4195 Dictytiotom
598 4139 648 4183 est.
681 4132 790 4187 Orestes
802 4141 859 4204 qoi-
898 4143 1060 4208 moestos]
1086 4143 1180 4193 Verum
1195 4139 1426 4200 merlinum,

329 4207 388 4258 dem
400 4206 530 4258 oracutum
548 4208 722 4274 sceepit‚qoo
737 4211 859 4276 Clytem-
899 4219 1048 4272 Mensisssu
1064 4233 1080 4269 s
1096 4217 1349 4270 tantundemst
1366 4224 1427 4278 pto·
