3144 4982
313 360 379 428 108
664 374 825 423 nrorros
849 374 1055 423 osursusrs

312 538 377 605 per
401 516 540 582 dolum⁸
573 519 699 600 legatos
729 518 1001 582 eueumreninnt.
1045 515 1240 581 Credebant
1268 518 1404 602 qnippe,

313 619 405 702 quod
418 637 486 682 non
500 617 622 682 frustra
645 637 706 682 eos
726 619 870 695 habuit?
890 619 921 683 si
942 618 1042 700 legati
1063 617 1258 699 imperfecto
1271 621 1405 700 negotio

313 719 535 796 revertissent,
557 718 631 783 t'ore
640 720 690 783 uti
707 719 883 784 adversum
897 736 934 783 se
948 718 1072 801 grande
1087 718 1241 800 prelium
1257 720 1406 783 eoncita-

313 823 412 882 retur.
456 818 562 901 Igitur
576 817 737 896 Antenor,
759 820 857 903 eujus
880 818 921 882 de
944 819 1124 883 sanctitate
1146 837 1276 882 morum
1301 838 1405 902 supra

314 919 580 996 memoravimus,
605 920 776 984 Priamum
803 920 968 998 convenit,
990 919 1315 1002 conjurationemque
1335 920 1406 984 iao·

313 1023 382 1082 tarn
404 1021 630 1103 conqueritur:
653 1021 741 1085 lilios
762 1021 889 1104 qnippe
913 1019 988 1101 eius
1009 1037 1079 1082 non
1102 1017 1237 1099 legatis,
1258 1019 1319 1082 sed
1344 1021 1405 1084 ad·

314 1138 431 1183 versus
456 1128 522 1183 se*
543 1120 681 1185 insidias
705 1139 963 1204 germaneque
985 1116 1020 1183 id
1043 1138 1080 1183 se
1100 1137 1298 1201 passurum:
1328 1120 1404 1184 dein

313 1234 383 1282 non
395 1220 498 1284 multo
513 1229 590 1303 post
603 1220 720 1302 legatis
735 1240 803 1285 rem
816 1221 931 1303 aperit.
975 1220 1028 1283 lta
1042 1217 1227 1301 exploratis
1238 1220 1404 1297 omnibus,

316 1319 467 1384 adhibito
494 1320 666 1403 presidio,
690 1339 766 1385 eum
789 1321 935 1403 primum
959 1325 1180 1402 opportunum
1204 1320 1315 1385 risum
1343 1325 1406 1397 est,

196 1448 202 1455 ·
315 1419 494 1484 inviolatos
525 1438 584 1483 eos
616 1420 763 1485 dimittit.
814 1419 895 1501 [ta]
924 1419 1016 1483 Dum
1045 1417 1120 1483 luteo
1149 1419 1239 1503 apud
1265 1417 1405 1501 'l'rojam

316 1528 468 1601 aguntur,
489 1521 704 1585 disseminata
724 1522 797 1604 jem
819 1539 881 1602 per
903 1520 1094 1584 universam
1114 1518 1283 1584 Graeciam
1300 1518 1404 1594 terna,

315 1637 429 1682 omnes
451 1618 648 1701 Pelopides¹
669 1622 704 1684 in
726 1638 826 1682 unum
850 1621 1062 1704 conveniunt,
1084 1623 1185 1700 atque
1209 1619 1406 1702 interposita

311 1717 526 1800 jnrisjnrandi
546 1719 729 1800 religione,y
750 1721 784 1782 ni
800 1717 933 1781 Helena
946 1736 1023 1780 cum
1043 1717 1191 1799 abreptis
1208 1718 1406 1794 redderetur,

316 1817 439 1881 bellum
460 1837 498 1882 se
521 1816 656 1881 Priamo
683 1819 837 1882 illaturos
858 1814 1061 1880 confirmant
1105 1817 1222 1897 Legati
1247 1806 1408 1881 Irnoedes·

317 1927 470 1981 monem¹
495 1918 650 1996 redeunt3
680 1918 723 1982 de
740 1917 881 1994 Helena,
902 1915 1042 1998 ejusque
1059 1916 1245 1994 voluntate,
1266 1925 1407 1982 narrant.
1512 1926 1517 1932 '

319 2018 410 2080 Dein
431 2018 558 2081 Priami
577 2017 789 2101 filiorumque
808 2018 882 2099 ejus
912 2017 1088 2080 adversum
1115 2034 1151 2080 se
1182 2018 1274 2082 dieta
1298 2027 1407 2099 gestu-

318 2134 406 2199 que3
442 2117 566 2197 grande
595 2118 798 2198 praeconium
826 2115 905 2178 iidei
935 2133 1015 2195 erga
1039 2115 1170 2196 legatos
1198 2114 1406 2181 Antenoris·

318 2216 544 2297 praeferentes.
596 2215 685 2293 Que
707 2216 767 2281 ubi
790 2233 963 2298 accepere,
986 2214 1187 2280 decernunt²
1216 2218 1265 2281 uti
1288 2218 1407 2299 singuli

318 2315 352 2377 in
373 2317 444 2378 suis
464 2317 548 2379 loeis
572 2323 673 2396 etque
697 2315 847 2397 imperiis
872 2333 955 2397 opes
974 2314 1055 2377 belli
1075 2323 1201 2398 parent.
1243 2316 1347 2396 lgitur
1361 2334 1407 2379 ex

319 2414 456 2478 concilii
475 2416 650 2492 sententia,
673 2422 876 2497 opportunus
894 2410 988 2478 loeus
1011 2414 1055 2477 ad
1079 2414 1347 2490 conveniendum,
1371 2422 1407 2479 et

318 2514 356 2581 in
385 2533 452 2598 quo
481 2514 524 2578 de
551 2521 714 2596 apparatu
740 2515 818 2579 belli
841 2524 1004 2597 ageretur,
1031 2514 1112 2597 Argi
1135 2512 1309 2581 Diomedis
1335 2535 1407 2597 reg*

321 2840 425 2891 odnie
445 2841 526 2890 istaut
544 2840 634 2890 inserit
653 2841 746 2905 Delph.
765 2843 945 2894 amilium-l
964 2842 1407 2909 neten.1.ocetaems.-2Detpt.

813 3020 919 3072 NO'l'AE

351 3140 368 3164 '
384 3131 433 3181 Sed
452 3131 561 3180 odem
576 3131 613 3194 u]
632 3130 736 3194 Quippe
749 3133 793 3197 qni
808 3134 844 3182 le·
884 3147 913 3182 se
933 3131 1027 3197 Dictys
1048 3134 1164 3199 protulit,
1185 3132 1273 3183 nostra
1284 3082 1408 3184 lateran
1445 3178 1451 3189 ,

320 3214 394 3270 gatos
407 3206 517 3269 hospitio
527 3206 684 3268 excepisset.
716 3207 774 3257 Non
792 3215 844 3257 taor
884 3210 1084 3271 auctoritatem
1098 3207 1165 3272 apud
1177 3220 1239 3270 qnos
1256 3207 1408 3257 tristantem

319 3284 414 3346 legatis
426 3281 543 3345 injuriam
558 3295 635 3345 quam
649 3281 697 3332 sibl
708 3280 764 3331 tisri
776 3283 845 3333 arbl·
885 3283 1035 3333 Greeornm
1042 3284 1121 3333 duces
1127 3282 1272 3345 conjurasse
1280 3283 1408 3346 reperim

320 3357 446 3407 trahetur.
473 3358 570 3407 Similia
578 3359 604 3407 in
614 3359 729 3423 hospites
739 3359 845 3422 pietatis
884 3358 972 3423 munel,
990 3365 1127 3423 antequam
1144 3356 1270 3407 Helenam
1286 3358 1407 3408 Menelao

320 3432 440 3495 exempla
460 3432 487 3481 in
509 3434 639 3483 veteribus
659 3434 752 3498 passim
774 3435 845 3484 inre·
885 3434 1064 3497 collocaretur,
1075 3435 1147 3500 cujus
1156 3433 1321 3498 jurisjurandi
1332 3434 1407 3499 Ulys-

319 3507 392 3569 nlaa3
421 3504 551 3570 precipue
579 3508 606 3557 in
634 3509 722 3559 Sacris
751 3508 845 3559 literis
884 3510 1149 3561 sesanetordleiturr
1164 3507 1339 3572 aputeum.
1352 3508 1408 3574 lly-

320 3582 383 3630 Vet.
397 3580 564 3632 Testamenti.
885 3584 937 3648 gin.
960 3584 1024 3634 Fab.
1047 3588 1088 3634 78.
1106 3592 1134 3634 et
1151 3584 1254 3646 iterum,
1271 3591 1406 3648 postquam

351 3665 364 3690 ¹
382 3656 607 3721 oereapetoptua]
624 3658 695 3711 (lunt
705 3670 845 3709 morcon·
884 3654 970 3722 Argoa
979 3658 1170 3723 convenissent,
1182 3673 1240 3708 com
1250 3673 1277 3708 se
1289 3667 1408 3708 nonanta

320 3734 483 3784 memorabit.
884 3733 988 3783 domum
1006 3746 1078 3782 suam
1093 3734 1408 3798 reversoroa,qnsm'l¹ro·

351 3810 523 3874 ’Interposita
537 3809 698 3870 jadeissssdi
717 3802 845 3873 religiose]
880 3809 934 3872 Jam
956 3808 1153 3869 subvertissent,
1167 3808 1250 3871 Jnrstl
1270 3815 1336 3859 sunt.
1368 3807 1409 3858 De

319 3886 415 3950 Dictys
431 3886 535 3936 ridetur
550 3886 658 3934 innuere
675 3886 754 3935 semel
766 3886 846 3935 decet
884 3883 1038 3950 quellorat.
1048 3894 1068 3933 r.
1082 3881 1135 3933 od.
1150 3888 1190 3932 1⁶.
1209 3880 1312 3936 ‘Quam
1328 3883 1409 3932 multo

319 3961 468 4024 conjurasse
483 3959 559 4010 domo
576 3959 692 4010 Menelai
708 3967 845 4024 antequam
884 3957 1098 4023 repetethaeela
1105 3956 1196 4019 milite,
1203 3958 1344 4021 conjurata
1353 3963 1410 4007 tuas

320 4031 405 4098 Argos
421 4034 606 4095 convenirem
623 4038 651 4083 et
667 4033 761 4083 lterum
772 4040 846 4086 ante-
885 4044 1004 4096 tempere
1021 4032 1304 4098 engilrammum
1315 4031 1410 4082 Priam

320 4121 398 4171 quam
406 4105 438 4156 ad
446 4108 573 4170 parandas
582 4120 644 4173 opes
653 4106 753 4157 militie
763 4108 789 4157 ln
799 4122 847 4160 sua
885 4108 981 4161 tetus?

320 4193 401 4246 regna
418 4180 589 4234 discederent.
621 4182 720 4233 Verum
739 4180 808 4234 istud
830 4199 847 4234 a
916 4184 1082 4251 ¹14·th
1098 4180 1172 4236 stret
1181 4181 1330 4235 Antenoris.
