3196 4976
526 415 574 463 un
598 413 719 463 nunno
742 411 915 461 nnoruuo
942 412 1013 460 nin.
1037 414 1072 461 v.
1266 398 1337 464 loti

242 558 387 622 animem
403 555 592 623 offendunt:
608 552 907 639 perquirentesque
921 552 1040 620 mortis
1051 572 1167 637 genus,
1181 556 1331 621 animad-

241 663 367 723 vertere
381 657 465 723 ferro
480 656 701 722 interiectum.
744 654 827 718 lude
841 660 933 719 ortus
954 654 1012 737 per
1035 654 1138 719 duces
1160 662 1259 738 utque
1272 677 1332 722 ex·

241 758 378 824 ercitum
395 758 559 823 tumuitus
571 758 696 838 ingeni,
719 773 761 819 ac
774 754 854 821 dein
867 755 989 820 seditio
1003 754 1095 820 brevi
1111 755 1236 833 adulta,
1252 754 1330 821 cum

241 861 401 943 sotejam
415 856 630 923 Palamedem
638 858 745 921 virum
753 854 842 920 domi
853 856 1009 939 belloque
1021 856 1330 939 prudentissimum,

241 978 329 1024 nuuc
344 959 487 1043 Ajacem
501 958 683 1041 inclytum⁰
705 964 757 1020 tot
778 955 920 1038 egregiis
942 956 1078 1039 pugnis,
1093 964 1195 1039 atque
1219 965 1330 1024 utros·

243 1068 309 1144 que
323 1060 455 1125 insidiis
474 1078 589 1124 eorum
610 1057 856 1122 circumventos
877 1056 1138 1138 ingemiscerent.
1181 1055 1236 1120 Ob
1252 1077 1330 1141 quse

243 1161 431 1244 supradicti
451 1180 548 1242 reges
562 1158 669 1235 veriti,
684 1178 726 1222 ne
747 1176 817 1242 qua
837 1158 891 1222 vis
912 1157 955 1221 ab
978 1158 1133 1246 exercitu.
1147 1166 1333 1240 pararetur,-

241 1262 330 1327 intus
358 1262 467 1329 clausi
486 1261 671 1344 firmetique
692 1277 754 1343 per
775 1260 983 1324 necessarios
1004 1265 1146 1324 manent.
1190 1258 1328 1324 Interim

241 1360 495 1446 Neoptolemus,
511 1361 651 1427 advectu
663 1360 747 1442 ligni
761 1360 910 1436 materia,
927 1356 1069 1443 Ajacem
1084 1364 1231 1424 cremet:
1253 1361 1330 1424 reli·

240 1457 1244 1546 quiesque,umaenuremconditus,iuliboeteo‘sepelieudns
1253 1480 1330 1544 pro-

241 1568 358 1639 curat}
379 1563 536 1646 brevique
556 1563 718 1629 tumulum
740 1568 946 1633 exstructum
969 1570 1150 1629 consecrat
1171 1563 1204 1626 in
1227 1560 1330 1626 hono·

242 1665 307 1727 rem
322 1664 404 1728 tanti
419 1663 529 1729 ducis.
574 1663 663 1743 Qune
677 1664 708 1728 si
723 1672 798 1729 aute
813 1668 947 1747 captum
970 1665 1072 1729 Ilium
1095 1664 1249 1729 accidere
1271 1682 1329 1744 pn·

239 1765 394 1842 tuissent,
409 1763 560 1848 proiecto
571 1783 693 1847 magna
706 1784 751 1828 ex
764 1770 859 1848 parte
875 1775 1040 1848 promotus
1052 1783 1106 1828 res
1119 1763 1276 1842 bostium,
1288 1782 1329 1828 ac

239 1865 426 1933 dubitatum
438 1866 480 1930 de
495 1885 624 1930 summu
636 1884 745 1929 rerum
758 1865 889 1931 fuisset.
916 1865 1021 1946 Igitur
1035 1864 1191 1947 Ulysses,
1205 1864 1329 1928 veritus

237 1965 308 2028 rim
324 1965 440 2029 offensi
455 1964 639 2042 exercitus,
665 1964 752 2027 clam
774 1964 942 2027 Ismarum
957 1962 1086 2043 aufugit
1100 1959 1133 2025 :¹¹
1156 1968 1258 2044 atque
1281 1962 1330 2025 ita

239 2061 428 2126 Palladium
454 2061 547 2145 apud
568 2062 768 2127 Diomedem
791 2067 913 2126 manet.
969 2059 1331 2146 [16.]cetemmpost

241 2162 438 2226 abscessum
452 2161 596 2244 Ulyssis,
613 2160 769 2238 Hecuba,
785 2179 852 2243 quo
867 2161 1040 2225 servitium
1054 2167 1160 2224 morte
1175 2156 1328 2234 solveret,

170 2303 172 2307 .
240 2258 348 2324 inulta
363 2262 508 2344 ingerere
522 2260 711 2338 maledicta,
734 2261 978 2345 imprecatique
999 2261 1142 2325 inlausta
1164 2258 1277 2322 omina
1297 2257 1331 2329 in

240 2363 442 2435 exercitum:
464 2382 566 2448 quare
581 2372 690 2428 motus
710 2362 807 2426 miles
827 2362 1000 2447 lapidibus
1016 2362 1190 2427 obrutam⁵
1211 2354 1335 2433 necui}

695 2555 874 2580 ”euoenon

237 2694 253 2740 t
269 2689 366 2754 Deipb.
375 2690 519 2752 quom-s
534 2689 599 2740 Post
608 2690 716 2741 mers
726 2689 805 2741 bibet
824 2689 917 2755 Deipb.
927 2702 1026 2752 summ,
1036 2701 1097 2750 cru,
1112 2691 1140 2735 et
1155 2698 1215 2735 mos
1225 2682 1250 2733 ei
1268 2688 1332 2746 port

730 2848 838 2900 NOTAE

268 2951 280 2977 ⁸
297 2942 367 2992 Nunc
384 2941 479 3004 Δὶοοοιι
493 2942 620 3008 inclytst
641 2944 759 3007 Suspice·
800 2947 840 2993 to.
856 2942 893 2993 ait
905 2942 1011 3007 Ajacem
1028 2952 1114 3003 prope
1125 2938 1230 3003 Sigeum
1240 2937 1327 3002 sepui-

236 3019 331 3070 bentur
349 3017 416 3068 eninr
435 3032 482 3082 per
499 3033 543 3068 eos
555 3018 664 3082 Ajacem
682 3020 762 3069 iuter·
803 3016 953 3067 luminisse.

236 3094 332 3146 fectum
354 3093 443 3158 fuisse,
463 3094 508 3160 qui
529 3103 616 3144 temen
634 3110 662 3145 se
679 3095 763 3159 ipsum
834 3083 1136 3152 tdepeiiesdcsprocurct]
1153 3082 1332 3161 Neoptolemo·

236 3168 343 3219 oceidit.
376 3166 483 3218 Homer.
495 3167 618 3232 sephori.
628 3168 764 3219 Ovidlrc.
803 3166 828 3216 id
838 3164 933 3215 Noster
944 3162 1047 3223 tribuit,
1058 3154 1127 3226 qnod
1138 3158 1278 3221 Sophocles
1287 3170 1329 3206 ve·

235 3242 335 3292 Temen
346 3240 428 3292 lieres
443 3242 574 3307 Phrygius
585 3243 685 3307 scribit,
700 3242 764 3307 Aje·
805 3238 935 3289 risimiiins
945 3237 1055 3285 Teucro.

239 3328 295 3363 cem
310 3330 325 3363 e
340 3309 436 3365 Paride
452 3318 610 3367 minentem
627 3319 765 3369 interiisse.
836 3311 1054 3360 'conlusorem
1064 3304 1171 3368 aufugii]
1183 3303 1328 3368 ipreUiys-

238 3387 282 3437 ita
292 3388 636 3455 etSrboiisstesSopbociis.
805 3403 857 3451 ses,
875 3388 943 3451 apud
960 3385 1039 3436 Horu.
1051 3383 1103 3435 Od.
1116 3387 1136 3432 1.
1151 3385 1239 3430 namet
1258 3393 1295 3441 se,
1313 3394 1329 3429 ι

271 3462 327 3512 ‘ie
346 3463 454 3526 illustro]
475 3464 563 3528 'i'rojoe
583 3468 764 3531 promontorio,
803 3466 879 3530 Trois
907 3461 1062 3529 proiectum,
1084 3459 1166 3509 ventis
1188 3455 1328 3509 Cicouibus

239 3538 294 3588 sire
306 3538 415 3602 turonio,
426 3537 469 3587 ubi
479 3537 539 3588 urbs
550 3539 626 3588 etiem
633 3538 682 3590 fuit
689 3542 763 3592 libre·
804 3542 940 3606 appulsum
962 3538 995 3589 sd
1016 3538 1158 3588 Ismarum:
1179 3532 1276 3584 Ἰλιόθεν
1297 3551 1328 3593 με

239 3620 310 3663 tenus
329 3611 407 3663 diets.
433 3612 521 3663 Strsb.
543 3627 606 3665 1111.
625 3614 763 3679 ‘Sequitur
802 3608 1327 3683 φέρανῑίνιμωῐίικόνεσσιπέλωσον,’ῐσμᾶ·

238 3688 387 3749 iiboeteurn,
409 3688 469 3738 urbs
495 3689 595 3739 tomulo
619 3688 704 3752 insite,
726 3690 762 3739 ei·
801 3712 843 3757 pp.
858 3692 1030 3742 ‘Abliiome
1043 3687 1130 3739 serens
1146 3684 1327 3736 ventuscieo·

238 3762 632 3829 quecoutiguoriitorenrenu
642 3765 763 3829 tumulus,
802 3768 877 3817 nibus
889 3766 1012 3827 admovit,
1028 3763 1062 3812 sd
1076 3758 1220 3812 ismarum!
1253 3758 1327 3809 cieo·

238 3837 386 3887 Aleuteium
413 3839 485 3904 quasi
514 3839 665 3904 Ajaceuum.
708 3839 763 3891 Ubi
801 3856 847 3892 nes
863 3849 948 3891 entem
967 3837 1086 3889 ’ibraciae
1108 3834 1206 3900 popuii,
1221 3830 1253 3881 sd
1273 3832 1328 3881 lie·

237 3919 429 3963 mouumentum
449 3921 491 3963 est
507 3914 597 3978 Ajsdr
618 3923 646 3964 et
666 3920 761 3965 stetur.
801 3915 876 3965 brom
902 3913 1023 3975 flurium
1056 3911 1100 3961 ubi
1127 3909 1188 3958 urbs
1214 3908 1327 3956 Ismarus

237 3987 315 4038 liene
326 4000 383 4038 cum
400 3988 525 4039 subletum
539 3989 665 4041 Antonius
681 3991 707 4040 in
718 3991 762 4040 Ε·
773 4002 782 4016 ·
802 4000 882 4055 prope
892 3989 1010 4040 Semnum
1021 3986 1214 4045 tiurlumsits,e
1224 3979 1329 4039 regions

236 4063 603 4129 gyptnm-trrnstuiirret,esm
613 4078 698 4115 rursus
707 4064 762 4114 Au·
800 4064 944 4115 Merouesr.

236 4146 328 4203 μυῖαι
345 4138 527 4189 libutcnsibos
544 4139 666 4204 reddidit,
683 4148 713 4189 ut
734 4147 762 4190 et
832 4138 982 4203 ¹1apidibas
992 4136 1099 4184 consen
1108 4129 1192 4194 smol]
1204 4124 1254 4177 sut
1263 4125 1327 4174 seri·

236 4215 325 4269 moitis
336 4213 393 4265 eiiir
403 4212 488 4265 iecit!
520 4214 619 4265 Plinius
629 4222 727 4277 museo,
737 4228 764 4264 v.
804 4214 880 4276 bunt,
892 4213 1029 4264 Hecubam
1039 4223 1067 4259 se
1083 4209 1111 4257 in
1125 4217 1196 4255 mere
1207 4199 1328 4267 precipi-
