3010 4978
283 376 323 440 lt
454 389 623 438 ioannes
649 387 802 436 vossius
829 389 875 435 on
900 389 1014 436 nrcrr
1042 388 1191 437 nsrrno.

502 625 584 699 DE
629 624 837 700 DICTY
880 624 1151 708 LATINO.

593 774 663 839 EX
686 773 855 840 EODEM
876 771 1047 839 vossio
1101 820 1105 830 .

559 909 614 957 nu
642 907 881 961 nrsronrcrs
910 905 1086 958 narnus.

281 1047 325 1126 Q.
341 1048 548 1111 Snnrrrnrus
571 1046 743 1112 Romnum
768 1048 887 1113 Latine
915 1048 1059 1113 creditur
1083 1048 1224 1111 vertisse
1242 1047 1363 1130 Dictyn

279 1151 471 1216 Cretensem
491 1150 532 1214 de
553 1150 642 1215 bello
665 1150 832 1232 Trojano:
865 1171 1008 1235 eamque
1038 1152 1288 1215 translationem
1314 1150 1364 1212 di·
1461 1232 1465 1239 .

278 1270 375 1316 casse
391 1250 435 1329 Q.
449 1251 595 1315 Arcadio
619 1249 754 1327 Rufino,
768 1253 826 1335 qui
847 1254 911 1315 sub
931 1252 1153 1317 Constantino
1174 1252 1262 1334 Imp.
1284 1268 1364 1313 cou-

278 1353 424 1416 sulatum
442 1353 546 1435 gessit
568 1352 770 1415 annn‘urbis
787 1368 989 1416 cronxvrrr.
1032 1351 1099 1416 Sed
1115 1353 1270 1436 quisquis
1286 1369 1364 1416 auc-

277 1459 329 1517 tor
347 1459 399 1518 est
420 1452 492 1536 ejus
517 1453 641 1536 operis,
664 1451 796 1528 Latine,
811 1470 878 1517 non
897 1451 1017 1517 Graece
1034 1453 1178 1536 scripsit.
1222 1451 1363 1517 Graecos

276 1562 390 1618 temen
412 1561 565 1619 auctores
579 1572 654 1617 cnm
674 1552 805 1636 judicio
830 1554 912 1636 legit
934 1562 1035 1637 atque
1051 1573 1097 1617 ex
1122 1555 1165 1617 iis
1181 1555 1363 1635 excerpsit,

275 1673 352 1736 quae
363 1655 493 1719 veritati
507 1658 732 1720 consentanea
745 1653 941 1718 viderentur.
986 1654 1061 1718 Nec
1077 1662 1187 1718 tamen
1199 1653 1361 1719 Constan-

274 1756 335 1818 tini
350 1774 437 1831 aero,
461 1755 518 1819 sed
533 1755 669 1819 saeculis
684 1754 815 1837 aliquot
827 1763 919 1838 post,
935 1756 1062 1820 vixisse
1077 1774 1216 1819 censeo:
1241 1757 1305 1819 etsi
1320 1776 1360 1818 ea

275 1856 321 1919 sit
336 1854 492 1920 dictionis
510 1856 683 1937 elegantia,
699 1862 735 1918 nt
748 1875 812 1918 nen
834 1855 986 1937 indignus
1001 1856 1133 1919 omnino
1150 1854 1360 1919 Constantini

274 1954 407 2038 quidem
419 1957 546 2021 saeeulo
561 1955 718 2021 rideatur.
764 1955 866 2034 Quod
881 1956 1032 2040 inprimis
1049 1960 1140 2039 patet
1154 1974 1200 2018 ex
1214 1955 1359 2019 editione

272 2075 398 2139 nupera
407 2056 509 2138 juxta
519 2057 605 2122 Mss.
615 2056 700 2122 Cod.
711 2058 883 2123 emendata
897 2058 1120 2142 qnoeLutetiae
1133 2056 1253 2139 prodiit
1265 2057 1358 2137 apud

272 2155 591 2240 Ronstephanum.
707 2176 711 2183 ’

448 2370 573 2436 IDEM
596 2371 660 2435 DE
683 2370 958 2436 HISTORICIS
983 2372 1176 2438 LATINIS

669 2503 760 2567 Part.
773 2518 811 2565 ιι.
838 2501 903 2566 Iit.
919 2503 963 2568 D.

270 2651 345 2717 Hrc
368 2672 501 2736 quoque
522 2652 667 2737 aliquem
693 2650 758 2714 sibi
778 2651 887 2714 locum
911 2653 1085 2734 postulare
1100 2653 1231 2718 videtur
1246 2655 1355 2718 Dares

269 2753 445 2837 Phrygius,
469 2754 521 2817 vel
550 2753 663 2835 potins
685 2750 925 2833 supposititius
951 2753 1104 2835 scriptor,
1129 2753 1186 2837 qni
1208 2757 1270 2818 sub
1291 2754 1355 2818 hoe

268 2854 400 2921 nenrine
424 2852 660 2918 circumfertur.
704 2852 743 2916 Is
773 2870 817 2915 ex
846 2850 969 2917 Graeco
994 2871 1016 2916 a
1044 2852 1200 2919 Cornelio
1222 2855 1355 2938 Nepote

267 2954 451 3019 translatus
466 2962 539 3020 est:
563 2955 592 3019 si
608 2953 764 3038 epistolae
779 2954 899 3034 nugaci
914 2953 1091 3031 credimus,
1114 2975 1191 3037 quae
1205 2956 1354 3037 praemit·

268 3057 357 3121 titur.
400 3056 481 3122 Scio
508 3057 632 3121 AEliaoi
668 3046 773 3121 aetate
796 3055 978 3120 etiamnum
1000 3056 1154 3120 extitisse
1176 3056 1353 3140 Phrygiam

266 3158 400 3223 Daretis
415 3159 569 3224 Iliadem.
615 3155 705 3220 Nam
724 3156 760 3220 id
783 3156 868 3220 satis
883 3156 988 3240 liquet
1009 3177 1054 3222 ex
1075 3155 1146 3240 ejus
1161 3156 1241 3222 Ver.
1259 3155 1353 3219 Hist.

256 3258 288 3335 .¹·
302 3274 358 3329 xr.
373 3279 403 3324 e.
419 3260 472 3323 ll.
516 3257 583 3322 Sed
603 3275 669 3320 non
690 3257 818 3335 dubito,
830 3258 911 3341 quin
926 3258 1020 3342 longe
1042 3258 1130 3322 alius
1145 3256 1245 3322 luerit
1258 3256 1353 3322 Gree-

265 3377 326 3423 cus
350 3359 416 3423 ille.
460 3358 550 3423 Nam
576 3376 674 3440 quem
697 3376 761 3421 nos
787 3358 906 3423 Latine
925 3359 1097 3437 habemns,
1121 3359 1208 3423 satis
1228 3359 1351 3441 prodit,

264 3477 300 3522 se
311 3459 443 3541 exignae
458 3467 493 3522 et
508 3458 670 3523 doctrinae
686 3465 721 3523 et
736 3458 856 3543 judicii
873 3459 989 3524 fuisse.
1035 3458 1142 3524 Plane
1164 3467 1276 3523 autern
1299 3478 1353 3523 ar·

262 3559 376 3635 bitror,
401 3578 485 3640 esse,
500 3566 718 3623 commentum
746 3559 906 3639 hominis,
937 3562 996 3643 qui
1024 3579 1089 3623 uon
1113 3564 1181 3623 tam
1203 3561 1349 3638 verterit,

263 3678 364 3742 qnam
377 3660 551 3743 scripserit
563 3659 696 3726 Latine:
719 3661 820 3725 immo
834 3661 892 3744 qui
913 3660 1003 3725 haud
1025 3659 1205 3724 admodum
1228 3658 1349 3726 Latine

262 3759 408 3837 sciverit,
434 3770 474 3823 ut
500 3762 635 3825 omnino
664 3762 698 3826 in
725 3762 935 3846 Glandorpio
960 3760 1125 3845 judicium
1151 3760 1347 3839 desiderem,

262 3878 338 3923 cnm
353 3860 602 3926 translationem
617 3881 691 3926 eam
708 3861 852 3945 Nepotis
870 3882 946 3927 esse
960 3856 1111 3926 credidit.
1156 3861 1297 3945 Majoris
1313 3870 1348 3928 et

261 3959 467 4037 eruditionis,
480 3965 514 4025 et
528 3960 715 4042 elegantiae,
729 3968 779 4025 est
791 3961 911 4044 Dictys
920 3961 1106 4027 Cretensis:
1126 3962 1167 4026 de
1177 3983 1242 4047 qno
1253 3972 1347 4046 post-

260 4079 301 4124 ea
316 4060 475 4125 dicemus.
519 4061 630 4126 Dares
645 4060 809 4144 Phrygius
824 4080 898 4126 cum
918 4062 1000 4126 alibi
1024 4063 1136 4127 Mstus
1157 4071 1261 4141 extat,
1276 4069 1346 4128 turn

260 4158 495 4243 Cantabrigiae,
508 4163 540 4225 in
560 4160 764 4226 bibliotheca
779 4160 916 4240 Cainna,
938 4171 970 4228 et
990 4162 1126 4253 Osonii,
1142 4165 1175 4228 in
1197 4164 1346 4247 Collegio

262 4261 417 4328 Omnium
432 4260 637 4328 Animarum.
