3200 4972
587 436 590 447 -
652 415 862 464 auunnnrx.
1245 405 1310 471 34⁷

222 568 382 636 reserens?
425 566 494 633 Ubi
519 567 657 633 ridicule
676 567 846 651 Jesephus
867 564 1125 652 Burdcscaliger
1139 578 1309 653 postrema

223 672 288 736 tria
303 671 403 735 verba
418 669 541 734 Lucilii
560 687 638 733 esse
653 666 806 745 credidit,
825 685 902 750 quar
919 665 1064 732 Charisii
1079 689 1165 747 esse,
1178 689 1223 735 ex
1238 672 1309 737 Do·

223 771 293 836 nuti
306 771 415 835 verbis
439 767 568 834 discere
587 774 727 852 poteret.
771 767 932 861 Hyginus
951 767 1019 833 leb.
1038 771 1114 835 274.
1137 771 1214 837 ‘Ne
1233 774 1310 857 quis

222 891 337 939 vserus
351 880 453 936 artem
468 869 667 935 medicinam
682 868 847 934 disceret’
891 868 1046 936 Plinius:
1063 872 1309 957 ‘Hippocrates

223 973 427 1039 clarissimus
449 969 624 1036 medicinae
648 968 821 1035 scientiae!
863 968 1016 1036 Ceterum
1029 969 1140 1036 Varro
1162 974 1249 1039 inec
1262 975 1309 1039 nil

221 1081 344 1157 praeter
362 1074 495 1139 solitum
508 1077 657 1155 nugatur,
680 1090 756 1136 cum
771 1068 936 1134 medicum
954 1090 976 1135 a
990 1071 1154 1151 medicine
1167 1080 1203 1138 et
1216 1083 1309 1140 suto·

221 1195 292 1240 rem
306 1194 327 1240 a
341 1175 465 1240 sutrina
479 1173 660 1238 derivatum
675 1171 826 1248 affirmat,
842 1190 917 1235 cum
931 1191 994 1237 uec
1005 1174 1108 1256 ,pueri
1128 1174 1200 1257 jam
1215 1175 1313 1256 iguo·-

220 1282 300 1354 rent,
329 1277 463 1339 nomina
490 1275 526 1338 in
549 1273 618 1336 inus
642 1274 800 1339 exeuntia
823 1273 867 1337 ab
890 1288 932 1338 ec
954 1274 1141 1358 primigenii
1165 1276 1308 1341 neminie

137 1370 144 1381 '
220 1396 314 1455 cusu,
328 1377 385 1460 qni
398 1375 499 1441 cudat
511 1375 548 1439 iu
561 1374 584 1453 i,
596 1374 738 1441 formata
749 1393 833 1439 esse.
869 1374 990 1461 Itaque
1006 1395 1117 1442 cuma
1129 1377 1308 1461 participio

219 1476 357 1561 passive
373 1484 472 1542 sutus
488 1478 611 1543 fectum
633 1477 756 1543 fuisset
773 1481 877 1555 sutor,
900 1478 944 1542 ab
958 1477 1060 1563 hujus
1074 1483 1194 1561 postea
1209 1478 1308 1544 tertio

220 1597 300 1642 casn
313 1580 416 1643 sutori
436 1578 622 1663 proiectum
636 1582 691 1642 est
705 1578 884 1656 suterinus,
906 1585 940 1643 et
957 1597 1016 1661 per
1029 1597 1197 1664 syncopen
1210 1580 1309 1645 sutri·

219 1697 295 1756 uus,
310 1679 538 1764 similiterque,
552 1698 574 1743 e
588 1678 694 1744 verbo
711 1679 823 1762 pinso,
840 1676 979 1764 (priscis
1002 1679 1092 1761 piso,
1115 1686 1200 1744 teste
1222 1679 1308 1744 Dic·

218 1779 324 1857 mede,
334 1800 356 1845 e
370 1778 482 1846 Groec.
492 1778 636 1864 selem)
649 1781 830 1862 participio
843 1779 964 1862 pistus,
978 1778 1103 1843 lactum
1111 1779 1177 1844 fuit
1187 1779 1306 1861 pistor,

217 1885 250 1943 et
261 1899 283 1944 e
302 1881 429 1963 pistori,
443 1882 627 1964 pistoriuus
641 1884 675 1944 et
691 1881 868 1963 pistrinum
886 1898 907 1943 a
921 1880 1059 1956 textore,
1073 1881 1263 1943 texturiuus
1273 1888 1307 1945 et

217 1981 395 2059 textriuus;
409 1980 599 2055 amedicus,
608 1972 743 2055 medici,
753 1977 958 2057 mediciuus3
974 1978 1121 2060 episcis,
1130 1979 1228 2060 pisci,
1238 1982 1307 2062 pis·

219 2079 336 2157 ciuus;
353 2096 375 2140 a
389 2096 459 2154 rex,
474 2079 554 2159 regi,
569 2077 720 2159 reginus3
735 2096 758 2140 a
772 2076 838 2154 sal,
853 2076 929 2153 sali,
944 2078 1078 2142 salinus
1108 2078 1150 2142 Iu
1166 2079 1306 2142 suliuum

220 2194 300 2258 erge
312 2175 530 2241 subaudimus
549 2195 624 2255 ras,
642 2175 678 2239 iu
695 2176 825 2255 aelium,
841 2177 896 2241 vel
917 2177 1080 2256 tuberum,
1093 2178 1147 2242 vel
1171 2176 1307 2256 fodinae,

220 2276 255 2338 iu
270 2277 414 2359 piscine,
423 2293 522 2362 aqua.
547 2275 639 2341 Nem
647 2283 684 2340 et
698 2277 860 2360 ‘petimen
873 2276 1053 2360 pisciuum'
1068 2276 1102 2343 N
1104 2277 1209 2355 avius
1223 2282 1306 2343 teste

219 2374 324 2441 Festo
348 2375 447 2440 dixit.
490 2374 532 2440 lu
560 2374 678 2457 regins
701 2377 901 2443 subauditur
925 2377 1075 2456 faemina,
1097 2360 1179 2456 tilia,
1208 2395 1306 2442 uxor.

217 2475 413 2541 charisium:
439 2474 592 2558 ‘Regina
606 2475 698 2540 nullo
711 2474 814 2540 mode
826 2476 1054 2561 recipiendum
1067 2478 1132 2544 uisi
1144 2479 1304 2563 recipere·

216 2596 292 2641 mus
310 2575 523 2659 etregiunm.’
566 2576 688 2660 ltaque
710 2574 873 2658 Virgilius
896 2578 994 2644 ilium
1012 2585 1115 2645 vocat
1129 2578 1306 2664 Reginum,
1405 2650 1408 2657 ,

218 2695 281 2742 nec
295 2695 394 2742 secus
416 2675 610 2754 Ariadnam
631 2675 723 2761 qued
735 2675 815 2742 filie
829 2685 941 2745 essent
954 2679 1066 2763 regim.
1108 2680 1155 2745 Et
1167 2681 1303 2748 Servius

217 2780 253 2843 iu
277 2776 338 2842 illo
352 2778 429 2843 AEn·
445 2794 470 2846 1.
491 2775 617 2856 ‘Quod
636 2777 832 2860 regiaJnue
848 2779 1076 2846 Meustrarut'
1120 2780 1230 2867 Regia
1254 2784 1306 2848 iu·

217 2884 427 2963 terpretetur,
449 2878 571 2961 regina,
585 2895 705 2961 nempe
725 2883 763 2943 ut
781 2898 804 2942 a
816 2878 877 2944 lux
890 2887 942 2944 est
954 2880 1080 2947 Lucius
1093 2889 1130 2947 et
1143 2882 1303 2963 Luciuus,

216 2980 304 3045 unde
325 2978 416 3044 Juuc
438 2979 579 3055 Lucina,
601 2976 652 3042 sic
666 2997 689 3042 a
708 2996 783 3056 rex,
797 2977 904 3060 regius
918 2982 1106 3063 et‘reginns.
1148 2979 1259 3046 Edem
1283 3004 1305 3048 e

216 3087 331 3147 taurus
350 3080 435 3144 exiit
447 3087 582 3144 teuteus
596 3083 629 3143 et
642 3078 806 3141 taurinus.
851 3076 942 3141 Nam
956 3080 1054 3144 nteit
1068 3079 1210 3157 Plinius,
1222 3081 1304 3144 rele-

217 3189 310 3246 reute
324 3181 441 3246 Servio
454 3182 489 3245 iu
508 3180 587 3244 AEu.
613 3194 668 3243 rx.
694 3177 939 3244 ‘derivationes
957 3195 1026 3243 ncu
1047 3179 1172 3246 habeut
1191 3178 1304 3246 firmas

218 3280 362 3387 mulas,
372 3280 432 3345 sed
445 3286 568 3345 exeunt
580 3287 681 3362 prout
694 3278 886 3347 auctoribus
900 3277 1032 3363 placet!
