3208 4968
307 430 372 498 354
718 437 989 489 nsorcnrourl.

308 607 387 662 rum,
401 583 506 649 literis
529 580 707 665 plurimum
726 580 913 659 delectaris,
927 583 1100 665 bonasque
1120 589 1220 658 artes,
1235 599 1296 663 per
1310 599 1393 664 quas

306 684 435 768 ingenia
448 689 614 760 crescunt,
629 701 707 753 eum
727 682 867 765 ingeniis
882 701 1032 747 erescere
1046 682 1142 760 facis,
1155 702 1218 748 nec
1233 683 1327 765 ipsas
1341 701 1394 746 so·

305 787 387 860 lnm,
403 782 461 847 sed
477 788 510 847 et
525 783 669 867 ipsarum
682 802 777 847 amas
792 784 961 848 amasios:
985 789 1022 847 ut
1034 784 1107 868 jam
1122 785 1195 848 sine
1210 782 1299 849 omui
1315 782 1394 846 adn-

303 885 438 949 lutioois
453 883 522 948 offa
536 901 611 947 vero
626 884 694 947 dici
708 884 838 966 possit:

407 984 510 1069 lpsns
525 991 615 1048 emat
629 982 762 1061 Musas,
779 981 898 1048 Musas
913 994 1004 1050 emat
1018 986 1116 1068 ipsus
1126 994 1288 1050 amantes.

349 1084 514 1165 Quamvis
528 1093 639 1150 autem
654 1091 705 1148 tot
717 1085 807 1148 curis
822 1090 856 1149 et
867 1084 1112 1150 Electorelibus
1126 1085 1273 1151 consiliis
1284 1086 1395 1170 quoti·

306 1186 359 1250 die
373 1187 518 1251 animum
539 1192 575 1253 et
596 1204 721 1267 corpus
743 1184 870 1267 fatiges,
886 1191 1010 1265 temen
1024 1188 1117 1271 quod
1132 1189 1253 1251 summi
1268 1190 1393 1270 quique

304 1287 368 1349 viri
384 1287 463 1350 olim
477 1284 635 1362 lecerunt,
652 1290 683 1349 te
699 1284 760 1348 tibi
773 1285 953 1363 subtrahis,
967 1294 1000 1351 et
1021 1292 1059 1351 nt
1080 1286 1143 1363 illi,
1158 1287 1216 1370 qni
1235 1288 1395 1366 angustiis

305 1386 434 1450 urbium
450 1386 669 1463 includuntur,
685 1386 719 1448 iu
732 1405 826 1468 agros
841 1391 875 1450 et
888 1387 1028 1470 praedia,
1042 1388 1089 1452 ita
1102 1406 1146 1451 ex
1160 1385 1267 1468 legum
1283 1392 1317 1450 et
1331 1386 1394 1450 fori

305 1486 471 1564 cancellis,
480 1486 523 1551 ad
536 1486 646 1550 omnis
657 1486 833 1568 sapientiae
841 1491 874 1550 et
883 1486 1055 1569 elegantiae
1063 1485 1395 1569 latifundiadigrede-

304 1586 361 1665 ris,
371 1585 518 1650 lauturus
533 1585 567 1651 id
582 1587 812 1670 proculdubio
825 1587 965 1669 soepius,
975 1588 1005 1651 si
1015 1607 1074 1670 per
1084 1595 1135 1652 tot
1150 1585 1395 1669 arduunegotia

306 1689 433 1768 saepius
441 1687 568 1752 liceret.
590 1686 793 1769 Exemplum
801 1688 903 1752 habes
913 1689 1024 1770 magni
1035 1688 1126 1757 illius
1135 1694 1168 1752 et
1178 1684 1396 1766 πολυμαθιστά-

305 1811 354 1850 roo
368 1789 389 1852 J
393 1786 448 1852 cti
466 1787 607 1852 Domitii
619 1787 759 1871 Ulpiani
773 1787 1036 1872 Syrophoenicis,
1049 1789 1108 1872 qui
1121 1788 1199 1853 licet
1214 1787 1395 1869 Imperato-

305 1888 352 1951 ris
364 1886 551 1952 Alexandri
566 1887 681 1952 Severi
689 1889 830 1970 negotiis
841 1891 1017 1953 immersus
1025 1892 1180 1973 princeps
1190 1888 1395 1962 scriniorum,

305 1996 346 2051 nt
366 1996 435 2053 tum
456 1987 691 2071 loquebantur,
709 1996 744 2051 et
762 1988 883 2054 deinde
905 1989 1091 2056 Praefectus
1113 1988 1269 2072 praetorio
1291 1994 1393 2067 esset,

307 2090 365 2171 qui
386 2089 554 2153 maximus
575 2090 678 2154 honor
699 2095 732 2153 et
753 2108 850 2169 onus,
866 2097 973 2155 tammr
994 2090 1293 2172 Philosophorum,
1315 2085 1398 2150 Ora-

306 2189 426 2266 torum,
442 2186 636 2268 Po'e'turum,
652 2188 906 2273 Philologornm
919 2209 987 2255 uon
1002 2197 1132 2257 tautum
1147 2191 1262 2267 lector,
1285 2186 1344 2253 ssd
1364 2191 1399 2250 et

306 2295 434 2353 amator
447 2296 481 2354 et
500 2298 751 2386 congerro'erat
773 2291 949 2355 assiduus:
986 2292 1046 2374 qui
1067 2291 1149 2356 nihil
1165 2289 1399 2375 appositorum

305 2387 514 2463 comedebat,
528 2388 592 2451 nisi
605 2390 696 2469 prius
711 2388 930 2468 interrogaret
943 2392 1046 2467 κεῖται,
1068 2389 1085 2464 ἣ
1107 2393 1137 2450 οὗ
1151 2392 1253 2464 ashur,
1273 2386 1322 2448 aa>
1345 2390 1411 2459 sori·

305 2485 407 2559 aeirus,
416 2503 460 2547 un
475 2484 540 2550 hoc
554 2485 609 2549 vel
621 2484 703 2548 illud
717 2484 891 2564 legeretur,
903 2484 973 2559 ubi,
988 2494 1023 2548 et
1032 2487 1066 2548 in
1075 2505 1142 2567 quo
1157 2491 1294 2549 anctore
1308 2484 1398 2545 inve-

303 2583 451 2647 nireturl
495 2581 593 2647 Adeo
608 2589 646 2645 nt
660 2601 704 2646 ex
718 2583 768 2645 rei
782 2582 971 2665 frequentia
985 2583 1168 2658 κιιτοόκιιτος
1179 2592 1193 2620 ·
1208 2584 1397 2648 nominatus

306 2683 360 2758 sit,
383 2687 419 2745 et
440 2682 525 2745 inter
543 2700 680 2763 magnos
703 2680 781 2744 illos
806 2680 994 2765 πολυΐπορας
1014 2690 1048 2749 et
1066 2682 1305 2770 τραπζορήτορας
1326 2683 1397 2747 sive

307 2781 592 2865 Dipnosophistus
616 2801 638 2845 a
660 2780 858 2846 doctissimo
876 2781 935 2847 illo
960 2783 1161 2851 Navoratita
1176 2805 1253 2849 cum
1276 2793 1397 2849 eterna

308 2883 507 2950 saeculorum
521 2883 682 2946 memoria
695 2882 820 2947 relatus
835 2884 890 2947 sit·
921 2883 1067 2951 Eundem
1081 2887 1247 2949 maximus
1262 2884 1320 2948 ille
1329 2881 1397 2947 lm-

307 2991 449 3069 perator,
462 2992 500 3049 nt
519 2985 618 3049 rebus
639 2983 842 3066 gravissimis
864 2983 1062 3067 adjutorem,
1085 2987 1133 3050 ita
1154 2984 1317 3050 conviviis
1335 2981 1398 3046 sre-

307 3087 559 3169 quentissimum
574 3085 756 3150 adhibebat
769 3085 897 3149 socium
912 3083 945 3148 :¹>
966 3093 1005 3148 ut
1025 3086 1160 3152 haberet
1179 3083 1311 3149 fabulas
1325 3084 1399 3146 lite·

308 3206 378 3264 res,
389 3190 511 3273 quihus
525 3207 562 3252 se
576 3186 714 3251 recreari
729 3185 864 3250 dicebat
876 3192 909 3251 et
925 3188 1044 3268 pasci.e
1087 3185 1179 3265 Quid
1189 3204 1270 3249 vero
1279 3183 1400 3269 jucun·

310 3285 387 3349 dios
400 3299 436 3352 et
446 3287 672 3372 praestantius,
688 3304 788 3368 quam
803 3284 968 3351 beneficio
981 3292 1031 3351 tot
1043 3287 1296 3352 lectissimorum
1309 3283 1401 3365 ioge-

311 3383 438 3449 niornm
463 3388 630 3468 prioribus
653 3385 790 3450 suculis
816 3386 992 3465 interesse,
1014 3406 1090 3452 euru
1112 3385 1179 3451 illis
1204 3383 1400 3449 eruditionis

312 3487 509 3549 commercia
523 3488 702 3565 instituere,
719 3505 796 3551 oum
813 3485 882 3550 illis
896 3486 1050 3568 legendo,
1065 3506 1140 3551 curu
1160 3486 1305 3569 posteris
1320 3484 1399 3549 sori-

312 3576 424 3643 hendo
448 3583 567 3665 lnquit
612 3589 773 3653 Habeant
795 3587 852 3651 alii
874 3588 1024 3653 delectus
1046 3605 1127 3652 suas
1146 3585 1299 3662 delicias,
1320 3603 1400 3648 uuus

313 3693 388 3738 oum
410 3678 501 3743 vitiis
521 3683 668 3764 divitias,
682 3688 728 3751 sit
747 3686 821 3751 illis
835 3686 1024 3763 muscardo,
1046 3687 1151 3768 piper,
1165 3685 1318 3769 saperda,
1334 3685 1401 3748 uci-

314 3792 439 3858 penser,
453 3778 581 3858 villum,
596 3794 720 3862 nectar,
735 3786 872 3862 foeuum,
888 3784 1071 3847 ambrosiae
1094 3786 1151 3868 qui
1165 3785 1271 3850 literis
1290 3792 1326 3849 ot
1341 3786 1401 3849 bo-

313 3894 369 3939 nae
384 3877 487 3940 menti
500 3876 585 3953 litut,
597 3883 676 3961 qnid
690 3886 778 3949 betis
791 3889 826 3947 et
838 3883 929 3947 blitis
942 3882 1010 3945 illis
1024 3881 1094 3962 liat,
1105 3884 1227 3963 sicum,
1241 3894 1280 3949 ut
1288 3885 1401 3949 Comi·

316 3996 377 4041 eus
392 3976 451 4053 ait,
466 3991 531 4038 uon
546 3978 719 4046 interduit:
742 3984 791 4048 illi
806 3981 887 4047 nihil
899 3980 1030 4045 dulcius
1044 3993 1109 4060 est,

348 4154 771 4281 :gutifsffoeedstmmmm
911 4163 1274 4228 ⁶broprittmtne1snno.
1285 4169 1343 4216 ⁸5⁰.
