3200 4972
473 354 476 361 .
538 338 587 385 nn
611 336 740 386 axorn.
763 335 890 384 reuss
914 335 1062 384 rrrsron.
1274 320 1339 388 827

258 481 387 546 Hector
399 480 473 545 fuit.
518 479 702 545 Diomedes
716 482 750 543 et
765 477 909 562 Ulysses
923 477 1033 542 dicere
1047 484 1232 560 coeperunt,
1244 476 1340 546 Troi-

256 581 326 646 lum
340 601 404 647 non
417 581 528 645 minus
542 582 664 665 sortem
676 580 782 644 virum
796 598 873 644 esse
887 597 989 662 quam
1005 577 1206 643 Hectorem:
1221 580 1340 664 sicque

258 679 418 745 Menelao
432 682 625 745 resistentes
639 680 762 744 bellum
776 679 844 760 geri
865 677 1093 762 prohibebant.
1137 677 1281 744 Galcbas
1295 700 1340 747 ex

258 780 396 863 augurio
410 781 593 864 respondit,
608 780 728 845 debore
741 799 898 863 pugnare,
911 797 972 843 neo
986 798 1102 844 curare
1115 777 1229 863 qnod⁷
1241 781 1340 846 modo

259 881 446 965 superiores
459 879 595 963 Trojani
608 880 738 944 tuerint.
781 879 865 962 [aa]
884 878 1035 961 Tempus
1048 898 1167 963 pugnas
1183 899 1341 964 superve-
1389 910 1393 919 ’

258 982 318 1047 nit.
363 982 600 1063 Agamemnon,
617 979 801 1058 Menelaus,
818 980 1009 1057 Diomedes,
1031 976 1137 1064 Ajax,
1159 983 1341 1051 exercitum

258 1082 420 1147 educunt:
446 1088 564 1146 contra
587 1080 736 1163 Trojani.
799 1081 857 1145 Fit
885 1099 1001 1163 magna
1030 1082 1152 1158 caedes,
1178 1091 1343 1165 pugnatur

259 1184 386 1260 acriter,
400 1188 537 1266 uterque
552 1182 718 1248 exercitus
731 1183 816 1247 inter
829 1201 866 1246 se
880 1182 1032 1246 sedunt.
1074 1181 1208 1247 Troilus
1223 1181 1342 1248 Mene·

157 1293 164 1301 ·
256 1282 348 1346 laum
361 1283 502 1361 sauciat,
515 1282 638 1348 multos
650 1281 816 1361 interficit,
829 1281 972 1365 Argivos
982 1282 1016 1346 in
1027 1288 1137 1348 castra
1146 1282 1239 1367 sugat
1250 1304 1259 1360 3
1272 1300 1342 1348 nox

256 1384 406 1466 praelium
420 1382 554 1448 dirimit.
598 1383 741 1449 Postera
755 1384 810 1448 die
822 1382 956 1448 Troilus
970 1388 1004 1449 et
1012 1383 1204 1450 Alexander
1215 1385 1342 1448 exerci-

257 1492 329 1548 tum
358 1485 512 1550 edoount.
569 1484 694 1550 Contra
723 1503 841 1548 omnes
870 1482 985 1566 Argivi
1015 1486 1199 1568 prodeunt:
1222 1486 1342 1551 acriter

258 1586 421 1668 utrimque
444 1590 618 1668 pugnatur.
658 1584 793 1649 Troilus
812 1583 1008 1650 Diomedem
1024 1587 1175 1651 sauciat:
1198 1585 1232 1649 in
1252 1579 1342 1668 Aga·

256 1704 464 1750 memnonem
485 1684 739 1768 impressionem
753 1682 846 1759 iacit,
861 1701 990 1748 necnon
1005 1683 1127 1757 faciem
1142 1684 1250 1768 ipsius
1264 1702 1343 1749 sau·

257 1785 335 1862 ciat,
361 1785 507 1867 Argivos
531 1786 642 1850 credit.
685 1784 750 1848 Per
776 1784 909 1866 aliquot
931 1783 1005 1847 dies
1030 1790 1192 1866 pugnatur
1214 1785 1343 1866 acriter,

255 1887 365 1950 multa
378 1886 482 1950 millia
495 1885 666 1949 bominum
681 1903 723 1947 ex
740 1893 877 1966 unaque
890 1889 980 1964 parte
994 1882 1210 1949 trucidantur.
1252 1884 1343 1966 Aga·

257 2002 424 2060 memnon,
449 1991 487 2049 ut
510 1984 597 2049 vidit
618 1982 777 2064 majorem
803 1988 933 2062 partem
956 1981 1122 2046 exercitus
1139 2002 1177 2046 se
1192 1984 1344 2065 quotidie

258 2084 421 2160 amittere,
445 2102 554 2166 neque
570 2080 720 2145 sufficere
736 2099 851 2163 posse,
870 2080 972 2144 mittit
985 2080 1138 2144 inducias
1152 2090 1287 2164 petere·
1309 2085 1344 2149 in

259 2202 321 2249 sex
334 2202 474 2248 meuses.
518 2183 675 2249 Priamus
691 2183 865 2247 concilium
882 2182 981 2264 cogit,
1006 2181 1130 2246 indicat
1143 2177 1342 2264 Argivorum

258 2285 465 2366 legationem
507 2283 643 2349 Troilus
656 2282 841 2366 negatdari
864 2292 931 2347 tam
957 2281 1058 2365 longo
1078 2287 1225 2367 tempore
1249 2278 1344 2350 indu·

257 2386 340 2463 cias,
355 2384 415 2451 sed
429 2386 569 2468 potins
559 2385 805 2468 impressionem
820 2379 915 2463 fieri}
932 2402 1036 2448 naves
1060 2383 1204 2449 incendi.
1248 2384 1343 2452 Pria·

255 2504 332 2550 mus
347 2486 427 2569 quid
442 2486 563 2570 cuique
577 2484 727 2550 videatur
746 2485 857 2550 dicere
878 2479 1033 2568 imperat.
1088 2484 1252 2549 Omnibus
1268 2488 1342 2570 pla·

258 2586 357 2651 citum
373 2593 435 2665 est,
450 2586 571 2652 debere
587 2585 657 2651 fiori
671 2586 761 2670 qnod
777 2584 891 2669 Argivi
907 2591 1040 2669 petant:
1056 2591 1136 2651 tunc
1149 2585 1234 2651 fiunt
1244 2587 1344 2653 indn-

259 2686 321 2752 ciae
336 2688 370 2750 in
383 2705 447 2751 sex
461 2706 601 2753 menses.
643 2685 872 2768 Agamemnon
886 2687 1066 2752 honorifice
1081 2706 1162 2751 suos
1176 2688 1342 2770 sepelien-

259 2788 323 2852 dos
339 2797 453 2854 curat:
477 2787 688 2866 Diomedem,
706 2787 898 2852 Menelaum
915 2789 1052 2853 saucios
1067 2795 1172 2852 curat.
1207 2788 1343 2872 Trojani

257 2910 354 2974 aeque
370 2909 453 2955 suos
468 2890 644 2974 sepeliunt.
687 2889 780 2953 Dum
793 2889 936 2953 inducias
952 2896 1040 2964 sunt,
1053 2887 1282 2970 Agamemnon
1297 2905 1343 2953 ex

258 2991 390 3059 consilii
403 2992 570 3057 sententia
583 2991 627 3055 ad
646 2988 810 3054 Achillem
832 3008 909 3052 oum
935 2988 1083 3052 Nestore
1105 2987 1341 3070 proficiscitur,

258 3098 439 3174 utrogerot
452 3110 526 3157 eum
549 3093 586 3156 in
608 3089 732 3155 bellum
755 3089 899 3172 prodire.
941 3086 1091 3152 Achilles
1105 3087 1212 3151 tristis
1226 3104 1344 3169 negem

260 3192 363 3275 coepit
376 3210 414 3255 se
429 3193 644 3275 proditurum,
657 3192 718 3256 sod
734 3209 853 3276 pacem
876 3191 946 3273 peti
968 3195 1129 3272 oportere,
1144 3187 1300 3270 conqueri
1311 3194 1342 3253 :⁸

291 3451 307 3496 7
325 3449 379 3506 Quo
389 3448 483 3513 Delpb.

747 3594 854 3648 ΝΟΜ

290 3688 403 3739 ‘Mittit
417 3688 522 3738 maen·
536 3686 627 3751 prim]
652 3686 780 3740 ‘Petere'
821 3689 870 3740 rs.¹
900 3689 952 3740 Ubi
973 3687 1048 3737 deest
1074 3686 1179 3738 verbnm
1205 3689 1342 3740 contrarie

258 3762 464 3830 pro‘petlturs.’-
483 3762 556 3823 tura.
574 3762 715 3825 ‘Suspensi
728 3764 781 3814 Eu·
821 3763 1013 3830 significationis
1024 3762 1228 3827 verbonegm,
1249 3779 1344 3829 nempe

259 3840 377 3906 rypylnm
385 3837 781 3891 scitatsmorsculal’boebrblit
820 3840 883 3890 dicit
885 3841 1022 3905 ,imperat
1050 3839 1089 3887 De
1099 3852 1150 3903 quo
1161 3838 1281 3903 loquendi
1289 3852 1343 3888 mo·

258 3914 355 3966 timor!
820 3912 1161 3979 doabnndeapudDictyn

291 3986 716 4054 'dedpotierlapmimfloil
737 3990 779 4042 sie
851 3988 1003 4057 ισιιιῃιη]
1014 3988 1135 4054 Repete
1144 3987 1243 4088 coplt,'
1251 4000 1342 4038 scom-

257 4063 500 4129 moxbsepsgias:
518 4060 635 4125 ‘Negare
653 4065 734 4127 coeplt
749 4079 779 4115 ιο
818 4066 897 4119 muni.

258 4135 485 4208 prostitutarum
504 4146 592 4200 pssum
608 4137 663 4200 peti
677 4145 779 4202 oporte·
