<?xml version="1.0" encoding="UTF-8"?>
<!DOCTYPE html PUBLIC "-//W3C//DTD XHTML 1.0 Transitional//EN"
    "http://www.w3.org/TR/xhtml1/DTD/xhtml1-transitional.dtd">
<html xmlns="http://www.w3.org/1999/xhtml" xml:lang="en" lang="en">
 <head>
  <title>
</title>
<meta http-equiv="Content-Type" content="text/html;charset=utf-8" />
  <meta name='ocr-system' content='tesseract 3.04.00' />
  <meta name='ocr-capabilities' content='ocr_page ocr_carea ocr_par ocr_line ocrx_word'/>
</head>
<body>
  <div class='ocr_page' id='page_1' title='image "./debellotrojano01josegoog/debellotrojano01josegoog_0381.png"; bbox 0 0 3208 4968; ppageno 0'>
   <div class='ocr_carea' id='block_1_1' title="bbox 688 372 974 422">
    <p class='ocr_par' dir='ltr' id='par_1_1' title="bbox 688 372 974 422">
     <span class='ocr_line' id='line_1_1' title="bbox 688 372 974 422; baseline -0.003 -3"><span class='ocrx_word' id='word_1_1' title='bbox 688 373 740 419; x_wconf 78' lang='lat' dir='ltr'><strong>Ab</strong></span> <span class='ocrx_word' id='word_1_2' title='bbox 764 372 974 422; x_wconf 69' lang='lat' dir='ltr'>LECTOREM.</span> 
     </span>
    </p>
   </div>
   <div class='ocr_carea' id='block_1_2' title="bbox 722 623 912 688">
    <p class='ocr_par' dir='ltr' id='par_1_2' title="bbox 722 623 912 688">
     <span class='ocr_line' id='line_1_2' title="bbox 722 623 912 688; baseline 0.005 -1"><span class='ocrx_word' id='word_1_3' title='bbox 722 623 816 687; x_wconf 83' lang='lat' dir='ltr'>Idem</span> <span class='ocrx_word' id='word_1_4' title='bbox 837 625 912 688; x_wconf 81' lang='lat'><strong><em>457.</em></strong></span> 
     </span>
    </p>
   </div>
   <div class='ocr_carea' id='block_1_3' title="bbox 274 756 1372 1551">
    <p class='ocr_par' dir='ltr' id='par_1_3' title="bbox 316 756 1372 846">
     <span class='ocr_line' id='line_1_3' title="bbox 316 756 1372 846; baseline 0.001 -23"><span class='ocrx_word' id='word_1_5' title='bbox 316 758 443 823; x_wconf 74' lang='lat' dir='ltr'><strong>lnbnis</strong></span> <span class='ocrx_word' id='word_1_6' title='bbox 469 756 641 841; x_wconf 82' lang='lat' dir='ltr'><strong>Vigomia,</strong></span> <span class='ocrx_word' id='word_1_7' title='bbox 657 776 725 840; x_wconf 90' lang='lat' dir='ltr'><strong>quo</strong></span> <span class='ocrx_word' id='word_1_8' title='bbox 741 760 872 823; x_wconf 87' lang='lat' dir='ltr'><strong>nomine</strong></span> <span class='ocrx_word' id='word_1_9' title='bbox 885 761 1024 843; x_wconf 75' lang='lat' dir='ltr'><strong>primm,</strong></span> <span class='ocrx_word' id='word_1_10' title='bbox 1037 761 1127 846; x_wconf 87' lang='lat' dir='ltr'><strong>quod</strong></span> <span class='ocrx_word' id='word_1_11' title='bbox 1147 763 1262 838; x_wconf 89' lang='lat' dir='ltr'><strong>sciam,</strong></span> <span class='ocrx_word' id='word_1_12' title='bbox 1278 780 1372 825; x_wconf 90' lang='lat' dir='ltr'><strong>usus·</strong></span> 
     </span>
    </p>

    <p class='ocr_par' dir='ltr' id='par_1_4' title="bbox 274 857 1360 1128">
     <span class='ocr_line' id='line_1_4' title="bbox 274 857 1359 947; baseline 0.002 -23"><span class='ocrx_word' id='word_1_13' title='bbox 274 866 328 924; x_wconf 90' lang='lat' dir='ltr'><strong>est</strong></span> <span class='ocrx_word' id='word_1_14' title='bbox 347 857 519 944; x_wconf 74' lang='lat' dir='ltr'><strong>Iosephus</strong></span> <span class='ocrx_word' id='word_1_15' title='bbox 543 859 698 937; x_wconf 80' lang='lat' dir='ltr'><strong>lacunas,</strong></span> <span class='ocrx_word' id='word_1_16' title='bbox 723 861 784 945; x_wconf 88' lang='lat' dir='ltr'><strong>qui</strong></span> <span class='ocrx_word' id='word_1_17' title='bbox 809 861 958 927; x_wconf 87' lang='lat' dir='ltr'><strong>Cornelii</strong></span> <span class='ocrx_word' id='word_1_18' title='bbox 979 860 1125 947; x_wconf 77' lang='lat' dir='ltr'><strong>Nepotis</strong></span> <span class='ocrx_word' id='word_1_19' title='bbox 1145 863 1274 928; x_wconf 89' lang='lat' dir='ltr'><strong>nomine</strong></span> <span class='ocrx_word' id='word_1_20' title='bbox 1296 864 1359 927; x_wconf 87' lang='lat' dir='ltr'><strong>cir·</strong></span> 
     </span>
     <span class='ocr_line' id='line_1_5' title="bbox 274 960 1360 1047; baseline 0.001 -21"><span class='ocrx_word' id='word_1_21' title='bbox 274 961 462 1040; x_wconf 86' lang='lat' dir='ltr'><strong>cumfertnr,</strong></span> <span class='ocrx_word' id='word_1_22' title='bbox 476 963 512 1026; x_wconf 92' lang='lat' dir='ltr'><strong>in</strong></span> <span class='ocrx_word' id='word_1_23' title='bbox 526 961 579 1025; x_wconf 89' lang='lat' dir='ltr'><strong>bis</strong></span> <span class='ocrx_word' id='word_1_24' title='bbox 592 960 636 1026; x_wconf 87' lang='lat' dir='ltr'><strong>ad</strong></span> <span class='ocrx_word' id='word_1_25' title='bbox 659 960 849 1027; x_wconf 89' lang='lat' dir='ltr'><strong>Hubertum</strong></span> <span class='ocrx_word' id='word_1_26' title='bbox 873 961 1142 1029; x_wconf 75' lang='lat' dir='ltr'><strong>cantuariensem</strong></span> <span class='ocrx_word' id='word_1_27' title='bbox 1171 963 1360 1047; x_wconf 82' lang='lat' dir='ltr'><strong>Archiprae·</strong></span> 
     </span>
     <span class='ocr_line' id='line_1_6' title="bbox 274 1063 564 1128; baseline 0.003 -2"><span class='ocrx_word' id='word_1_28' title='bbox 274 1064 379 1128; x_wconf 89' lang='lat' dir='ltr'><strong>sulem</strong></span> <span class='ocrx_word' id='word_1_29' title='bbox 393 1063 564 1128; x_wconf 87' lang='lat' dir='ltr'><strong>versibus:</strong></span> 
     </span>
    </p>

    <p class='ocr_par' dir='ltr' id='par_1_5' title="bbox 361 1164 1221 1250">
     <span class='ocr_line' id='line_1_7' title="bbox 361 1164 1221 1250; baseline 0.002 -21"><span class='ocrx_word' id='word_1_30' title='bbox 361 1165 399 1229; x_wconf 92' lang='lat' dir='ltr'><strong>Iu</strong></span> <span class='ocrx_word' id='word_1_31' title='bbox 414 1183 583 1229; x_wconf 90' lang='lat' dir='ltr'><strong>numerum</strong></span> <span class='ocrx_word' id='word_1_32' title='bbox 592 1164 663 1247; x_wconf 90' lang='lat' dir='ltr'><strong>jam</strong></span> <span class='ocrx_word' id='word_1_33' title='bbox 678 1164 798 1229; x_wconf 90' lang='lat' dir='ltr'><strong>crescit</strong></span> <span class='ocrx_word' id='word_1_34' title='bbox 811 1164 935 1230; x_wconf 83' lang='lat' dir='ltr'><strong>honor:</strong></span> <span class='ocrx_word' id='word_1_35' title='bbox 954 1173 986 1231; x_wconf 91' lang='lat' dir='ltr'><strong>te</strong></span> <span class='ocrx_word' id='word_1_36' title='bbox 1000 1168 1097 1233; x_wconf 87' lang='lat' dir='ltr'><strong>tertia</strong></span> <span class='ocrx_word' id='word_1_37' title='bbox 1111 1167 1221 1250; x_wconf 89' lang='lat' dir='ltr'><strong>poscit</strong></span> 
     </span>
    </p>

    <p class='ocr_par' dir='ltr' id='par_1_6' title="bbox 360 1264 1198 1349">
     <span class='ocr_line' id='line_1_8' title="bbox 360 1264 1198 1349; baseline 0.001 -20"><span class='ocrx_word' id='word_1_38' title='bbox 360 1264 502 1343; x_wconf 77' lang='lat' dir='ltr'><strong>Insula,⁸</strong></span> <span class='ocrx_word' id='word_1_39' title='bbox 518 1265 590 1349; x_wconf 84' lang='lat' dir='ltr'><strong>jam</strong></span> <span class='ocrx_word' id='word_1_40' title='bbox 605 1265 750 1330; x_wconf 84' lang='lat' dir='ltr'><strong>meminit</strong></span> <span class='ocrx_word' id='word_1_41' title='bbox 763 1264 938 1348; x_wconf 77' lang='lat' dir='ltr'><strong>vigornia,</strong></span> <span class='ocrx_word' id='word_1_42' title='bbox 953 1266 1074 1332; x_wconf 78' lang='lat' dir='ltr'><strong>cantia</strong></span> <span class='ocrx_word' id='word_1_43' title='bbox 1087 1267 1198 1342; x_wconf 86' lang='lat' dir='ltr'><strong>discit,</strong></span> 
     </span>
    </p>

    <p class='ocr_par' dir='ltr' id='par_1_7' title="bbox 360 1364 1163 1450">
     <span class='ocr_line' id='line_1_9' title="bbox 360 1364 1163 1450; baseline 0 -21"><span class='ocrx_word' id='word_1_44' title='bbox 360 1364 534 1429; x_wconf 88' lang='lat' dir='ltr'><strong>Romanus</strong></span> <span class='ocrx_word' id='word_1_45' title='bbox 548 1364 725 1431; x_wconf 87' lang='lat' dir='ltr'><strong>meditatur</strong></span> <span class='ocrx_word' id='word_1_46' title='bbox 738 1384 836 1449; x_wconf 87' lang='lat' dir='ltr'><strong>apex,</strong></span> <span class='ocrx_word' id='word_1_47' title='bbox 850 1374 885 1430; x_wconf 92' lang='lat' dir='ltr'><strong>et</strong></span> <span class='ocrx_word' id='word_1_48' title='bbox 898 1367 1057 1450; x_wconf 73' lang='lat' dir='ltr'><strong>naufraga</strong></span> <span class='ocrx_word' id='word_1_49' title='bbox 1070 1366 1163 1431; x_wconf 89' lang='lat' dir='ltr'><strong>Petri</strong></span> 
     </span>
    </p>

    <p class='ocr_par' dir='ltr' id='par_1_8' title="bbox 359 1464 1205 1551">
     <span class='ocr_line' id='line_1_10' title="bbox 359 1464 1205 1551; baseline 0 -22"><span class='ocrx_word' id='word_1_50' title='bbox 359 1464 542 1529; x_wconf 85' lang='lat' dir='ltr'><strong>Doctorum</strong></span> <span class='ocrx_word' id='word_1_51' title='bbox 556 1465 592 1529; x_wconf 93' lang='lat' dir='ltr'><strong>in</strong></span> <span class='ocrx_word' id='word_1_52' title='bbox 604 1464 724 1531; x_wconf 87' lang='lat' dir='ltr'><strong>mediis</strong></span> <span class='ocrx_word' id='word_1_53' title='bbox 739 1472 897 1549; x_wconf 78' lang='lat' dir='ltr'><strong>expectat</strong></span> <span class='ocrx_word' id='word_1_54' title='bbox 909 1468 1027 1551; x_wconf 84' lang='lat' dir='ltr'><strong>cymba</strong></span> <span class='ocrx_word' id='word_1_55' title='bbox 1043 1468 1205 1550; x_wconf 88' lang='lat' dir='ltr'><strong>procellis.</strong></span> 
     </span>
    </p>
   </div>
   <div class='ocr_carea' id='block_1_4' title="bbox 446 1677 1189 1765">
    <p class='ocr_par' dir='ltr' id='par_1_9' title="bbox 446 1677 1189 1765">
     <span class='ocr_line' id='line_1_11' title="bbox 446 1677 1189 1765; baseline -0.001 -22"><span class='ocrx_word' id='word_1_56' title='bbox 446 1678 602 1763; x_wconf 85' lang='lat' dir='ltr'><strong>Rapbael</strong></span> <span class='ocrx_word' id='word_1_57' title='bbox 616 1677 854 1745; x_wconf 86' lang='lat' dir='ltr'><strong>Volaterranos</strong></span> <span class='ocrx_word' id='word_1_58' title='bbox 869 1680 904 1744; x_wconf 91' lang='lat' dir='ltr'><strong>in</strong></span> <span class='ocrx_word' id='word_1_59' title='bbox 918 1678 1189 1765; x_wconf 81' lang='lat' dir='ltr'><strong>Anthropologia.</strong></span> 
     </span>
    </p>
   </div>
   <div class='ocr_carea' id='block_1_5' title="bbox 276 1824 1363 2315">
    <p class='ocr_par' dir='ltr' id='par_1_10' title="bbox 276 1824 1363 2315">
     <span class='ocr_line' id='line_1_12' title="bbox 319 1824 1360 1908; baseline -0.006 -17"><span class='ocrx_word' id='word_1_60' title='bbox 319 1828 428 1892; x_wconf 86' lang='lat' dir='ltr'><strong>Dares</strong></span> <span class='ocrx_word' id='word_1_61' title='bbox 456 1825 621 1908; x_wconf 76' lang='lat' dir='ltr'><strong>Phrygius</strong></span> <span class='ocrx_word' id='word_1_62' title='bbox 647 1825 829 1895; x_wconf 85' lang='lat' dir='ltr'><strong>historicus</strong></span> <span class='ocrx_word' id='word_1_63' title='bbox 863 1825 1000 1908; x_wconf 85' lang='lat' dir='ltr'><strong>scripsit</strong></span> <span class='ocrx_word' id='word_1_64' title='bbox 1028 1824 1151 1890; x_wconf 87' lang='lat' dir='ltr'><strong>ballum</strong></span> <span class='ocrx_word' id='word_1_65' title='bbox 1180 1824 1360 1907; x_wconf 74' lang='lat' dir='ltr'><strong>Troianum</strong></span> 
     </span>
     <span class='ocr_line' id='line_1_13' title="bbox 277 1924 1361 2013; baseline -0.006 -19"><span class='ocrx_word' id='word_1_66' title='bbox 277 1929 407 2006; x_wconf 69' lang='lat' dir='ltr'><strong>Gracc,</strong></span> <span class='ocrx_word' id='word_1_67' title='bbox 421 1929 538 2013; x_wconf 89' lang='lat' dir='ltr'><strong>inquo</strong></span> <span class='ocrx_word' id='word_1_68' title='bbox 560 1930 634 2011; x_wconf 85' lang='lat' dir='ltr'><strong>ipse</strong></span> <span class='ocrx_word' id='word_1_69' title='bbox 657 1928 822 2004; x_wconf 86' lang='lat' dir='ltr'><strong>militavit,</strong></span> <span class='ocrx_word' id='word_1_70' title='bbox 845 1932 882 1990; x_wconf 93' lang='lat' dir='ltr'><strong>ut</strong></span> <span class='ocrx_word' id='word_1_71' title='bbox 903 1928 949 1991; x_wconf 85' lang='lat' dir='ltr'><strong>eit</strong></span> <span class='ocrx_word' id='word_1_72' title='bbox 970 1926 1134 2003; x_wconf 85' lang='lat' dir='ltr'><strong>Isidorus,</strong></span> <span class='ocrx_word' id='word_1_73' title='bbox 1156 1927 1280 2010; x_wconf 73' lang='lat' dir='ltr'><strong>primm</strong></span> <span class='ocrx_word' id='word_1_74' title='bbox 1292 1924 1361 1989; x_wconf 85' lang='lat' dir='ltr'><strong>sere</strong></span> 
     </span>
     <span class='ocr_line' id='line_1_14' title="bbox 276 2024 1362 2113; baseline -0.004 -21"><span class='ocrx_word' id='word_1_75' title='bbox 276 2029 516 2107; x_wconf 89' lang='lat' dir='ltr'><strong>historicorum,</strong></span> <span class='ocrx_word' id='word_1_76' title='bbox 541 2030 599 2113; x_wconf 88' lang='lat' dir='ltr'><strong>qui</strong></span> <span class='ocrx_word' id='word_1_77' title='bbox 624 2028 756 2094; x_wconf 90' lang='lat' dir='ltr'><strong>tandem</strong></span> <span class='ocrx_word' id='word_1_78' title='bbox 784 2037 886 2113; x_wconf 85' lang='lat' dir='ltr'><strong>capto</strong></span> <span class='ocrx_word' id='word_1_79' title='bbox 911 2027 979 2092; x_wconf 91' lang='lat' dir='ltr'><strong>llio</strong></span> <span class='ocrx_word' id='word_1_80' title='bbox 1001 2048 1077 2094; x_wconf 94' lang='lat' dir='ltr'><strong>cum</strong></span> <span class='ocrx_word' id='word_1_81' title='bbox 1099 2027 1279 2092; x_wconf 75' lang='lat' dir='ltr'><strong>Antenoris</strong></span> <span class='ocrx_word' id='word_1_82' title='bbox 1292 2024 1362 2089; x_wconf 88' lang='lat' dir='ltr'><strong>iac·</strong></span> 
     </span>
     <span class='ocr_line' id='line_1_15' title="bbox 277 2128 1363 2215; baseline -0.005 -21"><span class='ocrx_word' id='word_1_83' title='bbox 277 2131 367 2195; x_wconf 87' lang='lat' dir='ltr'><strong>tione</strong></span> <span class='ocrx_word' id='word_1_84' title='bbox 382 2133 549 2209; x_wconf 87' lang='lat' dir='ltr'><strong>remansit,</strong></span> <span class='ocrx_word' id='word_1_85' title='bbox 573 2132 691 2197; x_wconf 86' lang='lat' dir='ltr'><strong>scribit</strong></span> <span class='ocrx_word' id='word_1_86' title='bbox 706 2131 881 2197; x_wconf 86' lang='lat' dir='ltr'><strong>Cornelius</strong></span> <span class='ocrx_word' id='word_1_87' title='bbox 896 2129 1029 2214; x_wconf 90' lang='lat' dir='ltr'><strong>Nepos,</strong></span> <span class='ocrx_word' id='word_1_88' title='bbox 1044 2131 1102 2215; x_wconf 89' lang='lat' dir='ltr'><strong>qai</strong></span> <span class='ocrx_word' id='word_1_89' title='bbox 1118 2149 1203 2213; x_wconf 89' lang='lat' dir='ltr'><strong>opus</strong></span> <span class='ocrx_word' id='word_1_90' title='bbox 1215 2128 1288 2211; x_wconf 88' lang='lat' dir='ltr'><strong>ojus</strong></span> <span class='ocrx_word' id='word_1_91' title='bbox 1302 2146 1363 2191; x_wconf 84' lang='lat' dir='ltr'><strong>sax</strong></span> 
     </span>
     <span class='ocr_line' id='line_1_16' title="bbox 276 2230 1269 2315; baseline -0.002 -22"><span class='ocrx_word' id='word_1_92' title='bbox 276 2230 394 2297; x_wconf 73' lang='lat' dir='ltr'><strong>librisb</strong></span> <span class='ocrx_word' id='word_1_93' title='bbox 408 2250 427 2296; x_wconf 89' lang='lat' dir='ltr'><strong>e</strong></span> <span class='ocrx_word' id='word_1_94' title='bbox 441 2231 564 2298; x_wconf 71' lang='lat' dir='ltr'><strong>Graeco</strong></span> <span class='ocrx_word' id='word_1_95' title='bbox 573 2235 746 2311; x_wconf 87' lang='lat' dir='ltr'><strong>convertit,</strong></span> <span class='ocrx_word' id='word_1_96' title='bbox 761 2233 950 2315; x_wconf 86' lang='lat' dir='ltr'><strong>dicavitque</strong></span> <span class='ocrx_word' id='word_1_97' title='bbox 965 2232 1089 2315; x_wconf 81' lang='lat' dir='ltr'><strong>Crispo</strong></span> <span class='ocrx_word' id='word_1_98' title='bbox 1104 2231 1269 2297; x_wconf 88' lang='lat' dir='ltr'><strong>Sallustio.</strong></span> 
     </span>
    </p>
   </div>
   <div class='ocr_carea' id='block_1_6' title="bbox 499 2454 1142 2524">
    <p class='ocr_par' dir='ltr' id='par_1_11' title="bbox 499 2454 1142 2524">
     <span class='ocr_line' id='line_1_17' title="bbox 499 2454 1142 2524; baseline -0.008 -2"><span class='ocrx_word' id='word_1_99' title='bbox 499 2458 706 2524; x_wconf 85' lang='lat' dir='ltr'><strong>Possevinus</strong></span> <span class='ocrx_word' id='word_1_100' title='bbox 725 2455 945 2521; x_wconf 84' lang='lat' dir='ltr'><strong>Bibliothecae</strong></span> <span class='ocrx_word' id='word_1_101' title='bbox 969 2470 1065 2518; x_wconf 81' lang='lat' dir='ltr'><strong>xvir.</strong></span> <span class='ocrx_word' id='word_1_102' title='bbox 1087 2454 1142 2518; x_wconf 77' lang='lat'><strong>29.</strong></span> 
     </span>
    </p>
   </div>
   <div class='ocr_carea' id='block_1_7' title="bbox 277 2602 1363 3093">
    <p class='ocr_par' dir='ltr' id='par_1_12' title="bbox 277 2602 1363 2889">
     <span class='ocr_line' id='line_1_18' title="bbox 292 2602 1362 2689; baseline -0.001 -20"><span class='ocrx_word' id='word_1_103' title='bbox 292 2682 295 2686; x_wconf 12' lang='lat' dir='ltr'><em>A</em></span> <span class='ocrx_word' id='word_1_104' title='bbox 321 2605 456 2669; x_wconf 91' lang='lat' dir='ltr'><strong>Daretis</strong></span> <span class='ocrx_word' id='word_1_105' title='bbox 480 2606 616 2689; x_wconf 85' lang='lat' dir='ltr'><strong>Phrygii</strong></span> <span class='ocrx_word' id='word_1_106' title='bbox 631 2606 673 2671; x_wconf 90' lang='lat' dir='ltr'><strong>de</strong></span> <span class='ocrx_word' id='word_1_107' title='bbox 697 2605 784 2670; x_wconf 88' lang='lat' dir='ltr'><strong>bello</strong></span> <span class='ocrx_word' id='word_1_108' title='bbox 804 2604 954 2689; x_wconf 83' lang='lat' dir='ltr'><strong>Trojano</strong></span> <span class='ocrx_word' id='word_1_109' title='bbox 976 2602 1053 2668; x_wconf 90' lang='lat' dir='ltr'><strong>libri</strong></span> <span class='ocrx_word' id='word_1_110' title='bbox 1076 2602 1224 2668; x_wconf 82' lang='lat' dir='ltr'><strong>feruntur</strong></span> <span class='ocrx_word' id='word_1_111' title='bbox 1245 2602 1362 2668; x_wconf 84' lang='lat' dir='ltr'><strong>aCor·</strong></span> 
     </span>
     <span class='ocr_line' id='line_1_19' title="bbox 278 2702 1363 2788; baseline -0.001 -19"><span class='ocrx_word' id='word_1_112' title='bbox 278 2706 365 2769; x_wconf 87' lang='lat' dir='ltr'><strong>nelio</strong></span> <span class='ocrx_word' id='word_1_113' title='bbox 381 2705 517 2788; x_wconf 84' lang='lat' dir='ltr'><strong>Nepote</strong></span> <span class='ocrx_word' id='word_1_114' title='bbox 531 2706 654 2771; x_wconf 87' lang='lat' dir='ltr'><strong>Latino</strong></span> <span class='ocrx_word' id='word_1_115' title='bbox 669 2704 814 2771; x_wconf 85' lang='lat' dir='ltr'><strong>carmine</strong></span> <span class='ocrx_word' id='word_1_116' title='bbox 833 2705 982 2771; x_wconf 88' lang='lat' dir='ltr'><strong>Heroico</strong></span> <span class='ocrx_word' id='word_1_117' title='bbox 995 2703 1120 2782; x_wconf 85' lang='lat' dir='ltr'><strong>donati,</strong></span> <span class='ocrx_word' id='word_1_118' title='bbox 1139 2702 1197 2767; x_wconf 89' lang='lat' dir='ltr'><strong>sed</strong></span> <span class='ocrx_word' id='word_1_119' title='bbox 1210 2704 1363 2787; x_wconf 85' lang='lat' dir='ltr'><strong>quisquis</strong></span> 
     </span>
     <span class='ocr_line' id='line_1_20' title="bbox 277 2805 961 2889; baseline -0.003 -20"><span class='ocrx_word' id='word_1_120' title='bbox 277 2806 333 2871; x_wconf 88' lang='lat' dir='ltr'><strong>illc</strong></span> <span class='ocrx_word' id='word_1_121' title='bbox 346 2805 455 2884; x_wconf 75' lang='lat' dir='ltr'><strong>fuant,</strong></span> <span class='ocrx_word' id='word_1_122' title='bbox 470 2826 584 2872; x_wconf 82' lang='lat' dir='ltr'><strong>versus</strong></span> <span class='ocrx_word' id='word_1_123' title='bbox 597 2826 666 2872; x_wconf 88' lang='lat' dir='ltr'><strong>non</strong></span> <span class='ocrx_word' id='word_1_124' title='bbox 679 2806 831 2872; x_wconf 85' lang='lat' dir='ltr'><strong>videntur</strong></span> <span class='ocrx_word' id='word_1_125' title='bbox 845 2805 961 2889; x_wconf 89' lang='lat' dir='ltr'><strong>inepti.</strong></span> 
     </span>
    </p>

    <p class='ocr_par' dir='ltr' id='par_1_13' title="bbox 280 2902 1363 3093">
     <span class='ocr_line' id='line_1_21' title="bbox 321 2902 1363 2993; baseline -0.004 -21"><span class='ocrx_word' id='word_1_126' title='bbox 321 2906 481 2973; x_wconf 78' lang='lat' dir='ltr'><strong>Claudius</strong></span> <span class='ocrx_word' id='word_1_127' title='bbox 495 2910 671 2993; x_wconf 88' lang='lat' dir='ltr'><strong>Dasquius</strong></span> <span class='ocrx_word' id='word_1_128' title='bbox 692 2908 736 2974; x_wconf 88' lang='lat' dir='ltr'><strong>ad</strong></span> <span class='ocrx_word' id='word_1_129' title='bbox 759 2909 941 2974; x_wconf 91' lang='lat' dir='ltr'><strong>orationem</strong></span> <span class='ocrx_word' id='word_1_130' title='bbox 956 2904 1077 2969; x_wconf 91' lang='lat' dir='ltr'><strong>Basilii</strong></span> <span class='ocrx_word' id='word_1_131' title='bbox 1091 2902 1308 2970; x_wconf 88' lang='lat' dir='ltr'><strong>Seleucieusis</strong></span> <span class='ocrx_word' id='word_1_132' title='bbox 1321 2904 1363 2968; x_wconf 91' lang='lat' dir='ltr'><strong>de</strong></span> 
     </span>
     <span class='ocr_line' id='line_1_22' title="bbox 280 3002 1363 3093; baseline -0.01 -16"><span class='ocrx_word' id='word_1_133' title='bbox 280 3012 369 3086; x_wconf 83' lang='lat' dir='ltr'><strong>Elia,</strong></span> <span class='ocrx_word' id='word_1_134' title='bbox 383 3012 621 3076; x_wconf 86' lang='lat' dir='ltr'><strong>commentario</strong></span> <span class='ocrx_word' id='word_1_135' title='bbox 635 3011 680 3076; x_wconf 88' lang='lat' dir='ltr'><strong>ad</strong></span> <span class='ocrx_word' id='word_1_136' title='bbox 692 3012 757 3077; x_wconf 88' lang='lat' dir='ltr'><strong>ista</strong></span> <span class='ocrx_word' id='word_1_137' title='bbox 770 3012 892 3077; x_wconf 83' lang='lat' dir='ltr'><strong>verba:</strong></span> <span class='ocrx_word' id='word_1_138' title='bbox 906 3002 1119 3091; x_wconf 61' lang='grc' dir='ltr'><strong>μανθανέτωσαν</strong></span> <span class='ocrx_word' id='word_1_139' title='bbox 1129 3011 1185 3069; x_wconf 76' lang='grc' dir='ltr'><strong>τῶν</strong></span> <span class='ocrx_word' id='word_1_140' title='bbox 1197 3002 1363 3093; x_wconf 71' lang='grc' dir='ltr'>ὅμβςωντδν</span> 
     </span>
    </p>
   </div>
   <div class='ocr_carea' id='block_1_8' title="bbox 278 3108 1364 3201">
    <p class='ocr_par' dir='ltr' id='par_1_14' title="bbox 278 3108 1364 3201">
     <span class='ocr_line' id='line_1_23' title="bbox 278 3108 1364 3201; baseline -0.006 -22"><span class='ocrx_word' id='word_1_141' title='bbox 278 3115 404 3201; x_wconf 71' lang='grc' dir='ltr'><strong>χορηγὸν</strong></span> <span class='ocrx_word' id='word_1_142' title='bbox 423 3112 553 3200; x_wconf 70' lang='grc' dir='ltr'><strong>ἁβροχῐᾳ</strong></span> <span class='ocrx_word' id='word_1_143' title='bbox 574 3109 780 3194; x_wconf 59' lang='lat' dir='ltr'><strong>remissoros:</strong></span> <span class='ocrx_word' id='word_1_144' title='bbox 803 3111 946 3187; x_wconf 86' lang='lat' dir='ltr'><strong>Elatum,</strong></span> <span class='ocrx_word' id='word_1_145' title='bbox 970 3109 1088 3193; x_wconf 88' lang='lat' dir='ltr'><strong>iuquit,</strong></span> <span class='ocrx_word' id='word_1_146' title='bbox 1109 3108 1154 3175; x_wconf 80' lang='lat' dir='ltr'><strong>ad</strong></span> <span class='ocrx_word' id='word_1_147' title='bbox 1176 3108 1364 3192; x_wconf 81' lang='lat' dir='ltr'><strong>exemplum</strong></span> 
     </span>
    </p>
   </div>
   <div class='ocr_carea' id='block_1_9' title="bbox 281 3208 1461 3301">
    <p class='ocr_par' dir='ltr' id='par_1_15' title="bbox 281 3208 1461 3301">
     <span class='ocr_line' id='line_1_24' title="bbox 281 3208 1461 3301; baseline -0.008 -19"><span class='ocrx_word' id='word_1_148' title='bbox 281 3237 440 3301; x_wconf 86' lang='lat' dir='ltr'><strong>perquam</strong></span> <span class='ocrx_word' id='word_1_149' title='bbox 464 3215 624 3300; x_wconf 82' lang='lat' dir='ltr'><strong>ingeniosi</strong></span> <span class='ocrx_word' id='word_1_150' title='bbox 650 3215 788 3281; x_wconf 68' lang='lat' dir='ltr'><strong>Poetae:</strong></span> <span class='ocrx_word' id='word_1_151' title='bbox 821 3212 1019 3278; x_wconf 88' lang='lat' dir='ltr'><strong>Nimborum</strong></span> <span class='ocrx_word' id='word_1_152' title='bbox 1042 3211 1200 3295; x_wconf 86' lang='lat' dir='ltr'><strong>pincerna</strong></span> <span class='ocrx_word' id='word_1_153' title='bbox 1223 3208 1364 3275; x_wconf 83' lang='lat' dir='ltr'><strong>Notus:</strong></span> <span class='ocrx_word' id='word_1_154' title='bbox 1456 3216 1461 3225; x_wconf 85' lang='lat'><em>&#39;</em></span> 
     </span>
    </p>
   </div>
   <div class='ocr_carea' id='block_1_10' title="bbox 280 3313 1002 3400">
    <p class='ocr_par' dir='ltr' id='par_1_16' title="bbox 280 3313 1002 3400">
     <span class='ocr_line' id='line_1_25' title="bbox 280 3313 1002 3400; baseline -0.007 -18"><span class='ocrx_word' id='word_1_155' title='bbox 280 3337 358 3399; x_wconf 86' lang='lat' dir='ltr'><strong>quae</strong></span> <span class='ocrx_word' id='word_1_156' title='bbox 372 3328 450 3383; x_wconf 88' lang='lat' dir='ltr'><strong>sunt</strong></span> <span class='ocrx_word' id='word_1_157' title='bbox 464 3320 565 3384; x_wconf 89' lang='lat' dir='ltr'><strong>verba</strong></span> <span class='ocrx_word' id='word_1_158' title='bbox 579 3317 601 3382; x_wconf 86' lang='lat' dir='ltr'><strong>J</strong></span> <span class='ocrx_word' id='word_1_159' title='bbox 604 3318 718 3400; x_wconf 88' lang='lat' dir='ltr'><strong>osepbi</strong></span> <span class='ocrx_word' id='word_1_160' title='bbox 733 3314 846 3381; x_wconf 90' lang='lat' dir='ltr'><strong>Iscaui</strong></span> <span class='ocrx_word' id='word_1_161' title='bbox 862 3330 911 3378; x_wconf 75' lang='grc' dir='ltr'><strong>ιν.</strong></span> <span class='ocrx_word' id='word_1_162' title='bbox 926 3313 1002 3379; x_wconf 79' lang='lat'><strong>294.</strong></span> 
     </span>
    </p>
   </div>
   <div class='ocr_carea' id='block_1_11' title="bbox 303 3540 1344 3614">
    <p class='ocr_par' dir='ltr' id='par_1_17' title="bbox 303 3540 1344 3614">
     <span class='ocr_line' id='line_1_26' title="bbox 303 3540 1344 3614; baseline -0.006 -6"><span class='ocrx_word' id='word_1_163' title='bbox 303 3541 478 3609; x_wconf 79' lang='lat' dir='ltr'><strong>Conradas</strong></span> <span class='ocrx_word' id='word_1_164' title='bbox 490 3545 734 3614; x_wconf 83' lang='lat' dir='ltr'><strong>Rittcrshnsios</strong></span> <span class='ocrx_word' id='word_1_165' title='bbox 748 3548 782 3612; x_wconf 91' lang='lat' dir='ltr'><strong>in</strong></span> <span class='ocrx_word' id='word_1_166' title='bbox 793 3547 1036 3613; x_wconf 86' lang='lat' dir='ltr'><strong>commentario</strong></span> <span class='ocrx_word' id='word_1_167' title='bbox 1047 3546 1090 3611; x_wconf 87' lang='lat' dir='ltr'><strong>ad</strong></span> <span class='ocrx_word' id='word_1_168' title='bbox 1101 3543 1262 3611; x_wconf 84' lang='lat' dir='ltr'><strong>Guutlreri</strong></span> <span class='ocrx_word' id='word_1_169' title='bbox 1280 3557 1303 3605; x_wconf 83' lang='grc' dir='ltr'><strong>ι.</strong></span> <span class='ocrx_word' id='word_1_170' title='bbox 1312 3540 1344 3603; x_wconf 81' lang='grc'><strong>4.</strong></span> 
     </span>
    </p>
   </div>
   <div class='ocr_carea' id='block_1_12' title="bbox 260 3688 1366 4077">
    <p class='ocr_par' dir='ltr' id='par_1_18' title="bbox 324 3688 1366 3775">
     <span class='ocr_line' id='line_1_27' title="bbox 324 3688 1366 3775; baseline -0.003 -20"><span class='ocrx_word' id='word_1_171' title='bbox 324 3692 363 3756; x_wconf 90' lang='lat' dir='ltr'><strong>lu</strong></span> <span class='ocrx_word' id='word_1_172' title='bbox 377 3692 439 3757; x_wconf 88' lang='lat' dir='ltr'><strong>bac</strong></span> <span class='ocrx_word' id='word_1_173' title='bbox 453 3698 619 3761; x_wconf 88' lang='lat' dir='ltr'><strong>sententia</strong></span> <span class='ocrx_word' id='word_1_174' title='bbox 642 3696 782 3763; x_wconf 85' lang='lat' dir='ltr'><strong>delicias</strong></span> <span class='ocrx_word' id='word_1_175' title='bbox 804 3696 885 3761; x_wconf 81' lang='lat' dir='ltr'><strong>facit</strong></span> <span class='ocrx_word' id='word_1_176' title='bbox 907 3693 977 3772; x_wconf 90' lang='lat' dir='ltr'><strong>ille,</strong></span> <span class='ocrx_word' id='word_1_177' title='bbox 998 3691 1149 3775; x_wconf 89' lang='lat' dir='ltr'><strong>quisquis</strong></span> <span class='ocrx_word' id='word_1_178' title='bbox 1172 3697 1234 3768; x_wconf 90' lang='lat' dir='ltr'><strong>est,</strong></span> <span class='ocrx_word' id='word_1_179' title='bbox 1254 3688 1366 3773; x_wconf 85' lang='lat' dir='ltr'><strong>quide</strong></span> 
     </span>
    </p>

    <p class='ocr_par' dir='ltr' id='par_1_19' title="bbox 280 3787 1366 3882">
     <span class='ocr_line' id='line_1_28' title="bbox 280 3787 1366 3882; baseline -0.008 -21"><span class='ocrx_word' id='word_1_180' title='bbox 280 3794 370 3861; x_wconf 89' lang='lat' dir='ltr'><strong>bello</strong></span> <span class='ocrx_word' id='word_1_181' title='bbox 385 3793 530 3878; x_wconf 84' lang='lat' dir='ltr'><strong>Trojano</strong></span> <span class='ocrx_word' id='word_1_182' title='bbox 544 3799 678 3881; x_wconf 86' lang='lat' dir='ltr'><strong>scripsit</strong></span> <span class='ocrx_word' id='word_1_183' title='bbox 692 3798 824 3882; x_wconf 69' lang='lat' dir='ltr'><strong>poema,</strong></span> <span class='ocrx_word' id='word_1_184' title='bbox 840 3798 903 3860; x_wconf 89' lang='lat' dir='ltr'><strong>sub</strong></span> <span class='ocrx_word' id='word_1_185' title='bbox 918 3787 1203 3857; x_wconf 79' lang='lat' dir='ltr'><strong>nominecornelii</strong></span> <span class='ocrx_word' id='word_1_186' title='bbox 1220 3789 1366 3874; x_wconf 91' lang='lat' dir='ltr'><strong>Nepotis</strong></span> 
     </span>
    </p>

    <p class='ocr_par' dir='ltr' id='par_1_20' title="bbox 260 3890 1365 4077">
     <span class='ocr_line' id='line_1_29' title="bbox 279 3890 1365 3980; baseline -0.006 -19"><span class='ocrx_word' id='word_1_187' title='bbox 279 3896 366 3962; x_wconf 80' lang='lat' dir='ltr'><strong>salso</strong></span> <span class='ocrx_word' id='word_1_188' title='bbox 380 3915 418 3962; x_wconf 88' lang='lat' dir='ltr'><strong>se</strong></span> <span class='ocrx_word' id='word_1_189' title='bbox 431 3897 618 3977; x_wconf 87' lang='lat' dir='ltr'><strong>venditans,</strong></span> <span class='ocrx_word' id='word_1_190' title='bbox 633 3918 709 3963; x_wconf 91' lang='lat' dir='ltr'><strong>com</strong></span> <span class='ocrx_word' id='word_1_191' title='bbox 724 3901 769 3963; x_wconf 91' lang='lat' dir='ltr'><strong>sit</strong></span> <span class='ocrx_word' id='word_1_192' title='bbox 778 3899 872 3980; x_wconf 81' lang='lat' dir='ltr'><strong>louge</strong></span> <span class='ocrx_word' id='word_1_193' title='bbox 883 3892 1055 3979; x_wconf 89' lang='lat' dir='ltr'><strong>posterior.</strong></span> <span class='ocrx_word' id='word_1_194' title='bbox 1083 3890 1295 3959; x_wconf 82' lang='lat' dir='ltr'><strong>‘Canescunt</strong></span> <span class='ocrx_word' id='word_1_195' title='bbox 1309 3891 1365 3956; x_wconf 90' lang='lat' dir='ltr'><strong>alii</strong></span> 
     </span>
     <span class='ocr_line' id='line_1_30' title="bbox 260 3986 1090 4077; baseline -0.008 -16"><span class='ocrx_word' id='word_1_196' title='bbox 260 3986 263 3997; x_wconf 86' lang='grc'>’</span> <span class='ocrx_word' id='word_1_197' title='bbox 280 3998 414 4077; x_wconf 87' lang='lat' dir='ltr'><strong>mento,’</strong></span> <span class='ocrx_word' id='word_1_198' title='bbox 427 4001 487 4064; x_wconf 81' lang='lat' dir='ltr'><strong>&amp;o</strong></span> <span class='ocrx_word' id='word_1_199' title='bbox 530 3999 658 4064; x_wconf 87' lang='lat' dir='ltr'><strong>Versus</strong></span> <span class='ocrx_word' id='word_1_200' title='bbox 668 3999 772 4062; x_wconf 83' lang='lat' dir='ltr'><strong>babes</strong></span> <span class='ocrx_word' id='word_1_201' title='bbox 787 3999 880 4062; x_wconf 89' lang='lat' dir='ltr'><strong>initio</strong></span> <span class='ocrx_word' id='word_1_202' title='bbox 892 3994 967 4059; x_wconf 90' lang='lat' dir='ltr'><strong>libri</strong></span> <span class='ocrx_word' id='word_1_203' title='bbox 982 3993 1090 4077; x_wconf 90' lang='lat' dir='ltr'><strong>primi.</strong></span> 
     </span>
    </p>
   </div>
   <div class='ocr_carea' id='block_1_13' title="bbox 313 4173 1333 4241">
    <p class='ocr_par' dir='ltr' id='par_1_21' title="bbox 313 4173 1333 4241">
     <span class='ocr_line' id='line_1_31' title="bbox 313 4173 1333 4241; baseline -0.003 -16"><span class='ocrx_word' id='word_1_204' title='bbox 313 4182 325 4207; x_wconf 80' lang='lat'>⁸</span> <span class='ocrx_word' id='word_1_205' title='bbox 342 4176 456 4238; x_wconf 64' lang='lat' dir='ltr'><strong>uranu.</strong></span> <span class='ocrx_word' id='word_1_206' title='bbox 473 4177 568 4230; x_wconf 79' lang='lat' dir='ltr'><strong>luicis.</strong></span> <span class='ocrx_word' id='word_1_207' title='bbox 713 4174 725 4208; x_wconf 71' lang='lat'><strong>¹³</strong></span> <span class='ocrx_word' id='word_1_208' title='bbox 739 4176 791 4228; x_wconf 82' lang='lat' dir='ltr'><strong>Sex</strong></span> <span class='ocrx_word' id='word_1_209' title='bbox 803 4176 880 4228; x_wconf 85' lang='lat' dir='ltr'><strong>libros</strong></span> <span class='ocrx_word' id='word_1_210' title='bbox 890 4173 1001 4241; x_wconf 77' lang='lat' dir='ltr'><strong>losapil</strong></span> <span class='ocrx_word' id='word_1_211' title='bbox 1015 4175 1095 4226; x_wconf 79' lang='lat' dir='ltr'><strong>corbi</strong></span> <span class='ocrx_word' id='word_1_212' title='bbox 1106 4173 1210 4227; x_wconf 76' lang='lat' dir='ltr'><strong>stratur</strong></span> <span class='ocrx_word' id='word_1_213' title='bbox 1219 4174 1333 4224; x_wconf 76' lang='lat' dir='ltr'><strong>inorme.</strong></span> 
     </span>
    </p>
   </div>
   <div class='ocr_carea' id='block_1_14' title="bbox 0 0 1618 4968">
    <p class='ocr_par' dir='ltr' id='par_1_22' title="bbox 0 0 1618 4968">
     <span class='ocr_line' id='line_1_32' title="bbox 0 0 1618 4968; baseline 0 0"><span class='ocrx_word' id='word_1_214' title='bbox 0 0 1618 4968; x_wconf 95' lang='lat' dir='ltr'><strong> </strong></span> 
     </span>
    </p>
   </div>
  </div>
 </body>
</html>
