3200 4972
526 386 574 432 nn
599 382 727 432 uxeio.
750 382 877 432 ruora.
901 381 1051 432 ursuon.
1265 371 1329 434 307

238 527 439 614 praedantur.
483 524 585 603 Quod
608 524 768 608 oppidani
790 542 865 586 cum
881 524 1055 600 uidissent,
1078 523 1135 588 diu
1159 543 1329 607 pugnave-

239 635 315 692 runt
337 647 411 692 cum
426 625 636 703 Alexandro,
660 643 702 689 ue
724 624 890 688 Helenam
909 625 1034 707 eripere
1057 633 1190 707 posset.
1234 622 1330 702 Quos

239 728 432 793 Alexander
455 726 560 789 fretus
586 725 794 789 multitudine
817 725 984 788 sociorum
1009 726 1189 808 superavit,
1215 727 1330 791 fanum

240 828 453 912 exspoliarit,
474 826 626 890 homines
642 843 757 889 seeum
771 825 1033 907 quamplurimos
1048 826 1202 908 captivos
1218 827 1329 905 duxit,

239 932 274 994 iu
283 930 393 992 navim
409 926 578 1009 imposuit,
592 926 731 990 classem
746 924 857 1003 solvit,
867 924 999 989 domurn
1012 927 1132 990 reverti
1147 925 1328 1010 disposuit,

239 1031 273 1092 iu
289 1034 420 1111 portum
433 1026 599 1090 Tenedon
612 1023 788 1109 peruenit,b
803 1026 860 1088 nbi
872 1024 1038 1090 Helenam
1053 1032 1229 1091 moestama
1245 1029 1327 1093 allo·

240 1130 320 1211 quio
335 1123 528 1209 mitigavit,‘¹
549 1127 637 1210 patri
660 1128 707 1190 rei
730 1130 831 1206 gestae
851 1127 999 1189 nuntium
1018 1127 1120 1192 misit.
1166 1127 1323 1192 Menelao

238 1233 416 1312 postquam
441 1229 476 1292 in
498 1226 586 1310 Pylo
608 1228 796 1292 nuntiatum
816 1233 881 1302 est,
901 1245 975 1289 oum
1002 1226 1145 1292 Nestore
1169 1228 1326 1310 Spartam

237 1328 407 1412 proiectus
422 1336 488 1404 est,
504 1328 548 1391 ad
563 1326 846 1410 Agamemnonem
855 1360 859 1367 ·
868 1326 1000 1391 fratrem
1021 1328 1114 1391 misit
1128 1328 1251 1410 Argos,
1275 1348 1327 1394 rc-

137 1446 141 1479 :
237 1447 316 1510 gaus
331 1435 367 1493 ut
381 1429 424 1492 ad
438 1449 474 1493 se
489 1429 611 1494 veniat.
654 1428 788 1493 Interea
802 1426 996 1493 Alexander
1017 1429 1061 1492 ad
1083 1434 1210 1512 patrem
1229 1448 1327 1494 suum

226 1546 311 1590 -cum
327 1527 442 1611 preda
455 1530 617 1610 pervenit,
631 1535 663 1593 et
677 1530 727 1592 rei
742 1536 846 1610 gestae
861 1528 1010 1592 ordinem
1025 1529 1134 1594 refert.
1155 1526 1239 1613 [ll.]
1254 1529 1328 1594 Pri-

153 1660 156 1669 ,
237 1646 332 1691 amus
358 1629 495 1711 gaviam
519 1635 584 1704 est,
609 1647 747 1710 sperans
770 1625 909 1692 Graecos
932 1647 1037 1691 causa
1062 1630 1326 1710 recuperationis

238 1727 381 1793 Helenae
404 1747 551 1792 sororem
575 1725 764 1792 Hesionam
784 1727 984 1804 reddituros,
999 1735 1033 1792 et
1053 1748 1184 1812 eaquae
1207 1730 1285 1793 inde
1305 1751 1327 1793 a

236 1827 393 1911 Trojanis
419 1828 635 1892 abstulerant.
680 1826 848 1891 Helenam
865 1832 1022 1891 moestam
1045 1828 1239 1894 consolatus
1263 1839 1328 1903 est,

236 1932 271 1992 et
285 1946 360 1990 eam
376 1925 569 1989 Alexandro
581 1926 759 2008 conjugem
773 1926 886 1991 dedit:
909 1947 1010 2008 quam
1035 1933 1072 1990 ut
1097 1929 1232 2009 aspexit
1245 1929 1326 1992 Ces·

237 2026 371 2102 sabdra,
387 2025 565 2088 vaticinari
581 2027 695 2108 coepit,
708 2044 898 2089 memorans
911 2044 952 2089 ea
967 2044 1044 2108 quae
1061 2031 1137 2088 ante
1159 2027 1326 2108 praedixe-

236 2132 298 2188 rat.
342 2123 455 2202 Quam
472 2122 627 2186 Priamus
639 2123 784 2187 abstrahi
799 2130 833 2188 et
845 2124 972 2188 includi
991 2124 1105 2204 jussit.
1148 2125 1327 2207 Agamem·

236 2242 311 2299 nou,
334 2228 515 2306 postquam
535 2221 691 2304 Spartam
710 2224 813 2300 venit,
827 2223 966 2295 ,fratrem
989 2225 1181 2289 consolatus
1206 2232 1268 2302 est,
1291 2235 1327 2290 et

236 2324 364 2407 placuit
379 2328 414 2386 ut
436 2340 494 2405 per
516 2326 619 2397 totam
635 2320 801 2386 Graeciam
816 2325 1026 2406 conquesturi
1053 2323 1256 2390 mitterentur
1281 2326 1324 2390 ad

235 2421 471 2488 convocandos
483 2420 678 2496 (ineenset
689 2421 846 2504 Trojauis
858 2422 979 2486 bellum
991 2422 1210 2488 indicendum.
1234 2423 1324 2489 Gou-

234 2533 395 2589 reueruut
409 2529 517 2588 autem
531 2522 584 2598 lri;
606 2518 755 2585 Achilles
770 2540 844 2585 curu
862 2521 1033 2598 Patroclo,
1049 2522 1224 2606 Euryalus,
1245 2525 1323 2589 Tle-

234 2624 407 2704 polemus,e
423 2620 615 2685 Diomedes.
653 2618 838 2702 Postquam
853 2619 1011 2703 Spartam
1026 2632 1251 2700 accesserunt,
1265 2623 1323 2687 de·

235 2728 407 2786 creverunt
438 2720 577 2804 iujurias
606 2716 847 2802 ‘l'rojuuorumf
875 2723 1045 2804 persequi,
1073 2725 1258 2787 exercitum
1289 2731 1323 2788 et

236 2820 376 2886 classem
391 2839 593 2904 comparare.
624 2818 904 2902 Agamemnonem
913 2822 1144 2903 imperatorem
1157 2828 1191 2885 et
1205 2822 1321 2886 ducem

235 2921 432 3002 praeficiunt.
478 2920 527 2983 Hi
551 2921 682 3002 legatos
697 2919 844 2995 mittunt,
866 2925 903 2982 ut
927 2927 997 2983 tota
1012 2919 1148 2983 Graecia
1167 2923 1322 2984 conveni·

722 3144 831 3195 NOTAE

267 3287 279 3321 ὓ
296 3288 427 3350 inportare
438 3288 545 3338 aaran
557 3289 674 3352 mail]
697 3290 758 3340 Dic·
797 3301 877 3338 neres
888 3292 979 3336 resuta
987 3292 1037 3345 ert,
1048 3283 1157 3334 redeam
1168 3283 1242 3334 Paria
1254 3285 1322 3334 intra

236 3368 278 3425 tyr
294 3362 340 3422 rit,
350 3375 408 3411 eum
424 3363 566 3413 iuocmulte
583 3377 653 3414 asum
666 3367 759 3428 ventis,
798 3376 875 3412 uarer
886 3361 1031 3425 impellens,
1041 3360 1099 3408 vela
1109 3358 1183 3421 feeit,
1191 3364 1240 3409 &a

237 3436 385 3486 Pdoeuleeru
404 3436 543 3499 appulisse.
573 3437 641 3485 Vide
659 3438 696 3487 ur
714 3453 759 3489 uo·
828 3436 966 3499 ‘dilapsio
974 3434 1108 3498 ndirerit]
1126 3433 1157 3484 ld
1168 3442 1217 3497 ert,
1226 3434 1322 3483 salutm

235 3517 298 3559 tata.
700 3530 703 3537 ·
797 3519 852 3571 ert3
870 3512 1006 3575 alloquium
1024 3510 1092 3559 euim
1106 3517 1148 3558 ert
1162 3510 1319 3559 eourolatio:

266 3592 278 3619 ⁶
298 3583 345 3632 Udi
356 3564 471 3632 llelmrrr
479 3585 595 3649 namn]
613 3583 760 3635 lunaitlla-
797 3587 912 3637 Catullus
921 3591 997 3634 vocat
1008 3582 1224 3635 ‘allocutionem'

235 3658 425 3721 “aldelmum
436 3659 540 3709 inritare
558 3676 574 3709 a
591 3659 685 3709 Paride
700 3674 758 3723 rap·
829 3661 1010 3724 stirpata-arr}
1038 3659 1159 3710 Herculis
1179 3666 1207 3709 et
1224 3659 1319 3723 Artyo·
1436 3712 1441 3721 ,

235 3741 288 3781 tem
308 3730 407 3793 tutarer
428 3732 496 3795 quod
515 3735 602 3783 etalii
622 3733 756 3784 scribunt:
796 3736 852 3785 odae
863 3735 937 3791 tillus,
949 3735 1000 3784 dux
1012 3733 1182 3784 ltlrudlorum:
1207 3734 1229 3782 la
1242 3734 1319 3788 euim,

234 3805 303 3855 uude
320 3806 426 3855 liorurrl
442 3807 642 3871 Saltollmteqiu
660 3807 756 3871 Odyrr.
795 3811 881 3860 oeeieo
908 3808 1040 3872 Lyelmulo
1066 3807 1198 3857 Alcmene
1228 3805 1318 3866 fratre,

233 3885 264 3929 v.
287 3879 377 3930 reddit
391 3881 521 3930 Venerem
537 3882 627 3932 Paridl
643 3883 757 3933 Menelal
796 3883 907 3947 patriam
933 3881 1034 3945 lugiens
1062 3879 1179 3930 erodum
1209 3880 1321 3944 appulit¹

234 3953 342 4005 formam
353 3954 463 4011 dedisse.
475 3963 503 4005 et
518 3956 556 4005 ita
573 3956 696 4008 Helenam
710 3958 755 4008 de·
796 3972 903 4023 eamque
912 3957 963 4007 ribi
973 3956 1093 4019 subjecit.

233 4029 341 4093 replere.
363 4029 426 4093 lpra
437 4030 754 4090 eulmexirtlmeusrere·
827 4032 957 4095 ‘Idaeae
964 4030 1128 4093 liniarem]
1138 4028 1169 4079 ld
1178 4026 1317 4089 ert‚a'1‘ro·

233 4120 262 4155 ra
281 4121 337 4156 erre
357 4107 514 4170 Menelaum,
531 4117 624 4179 sponte
644 4124 700 4161 eum
721 4109 754 4160 ed
790 4107 964 4171 mabillam.
1135 4108 1140 4115 '
