<?xml version="1.0" encoding="UTF-8"?>
<!DOCTYPE html PUBLIC "-//W3C//DTD XHTML 1.0 Transitional//EN"
    "http://www.w3.org/TR/xhtml1/DTD/xhtml1-transitional.dtd">
<html xmlns="http://www.w3.org/1999/xhtml" xml:lang="en" lang="en">
 <head>
  <title>
</title>
<meta http-equiv="Content-Type" content="text/html;charset=utf-8" />
  <meta name='ocr-system' content='tesseract 3.04.00' />
  <meta name='ocr-capabilities' content='ocr_page ocr_carea ocr_par ocr_line ocrx_word'/>
</head>
<body>
  <div class='ocr_page' id='page_1' title='image "./debellotrojano01josegoog/debellotrojano01josegoog_0034.png"; bbox 0 0 3010 4978; ppageno 0'>
   <div class='ocr_carea' id='block_1_1' title="bbox 280 435 1102 500">
    <p class='ocr_par' dir='ltr' id='par_1_1' title="bbox 280 435 1102 500">
     <span class='ocr_line' id='line_1_1' title="bbox 280 435 1102 500; baseline -0.002 0"><span class='ocrx_word' id='word_1_1' title='bbox 280 435 323 500; x_wconf 77' lang='lat'><strong>26</strong></span> <span class='ocrx_word' id='word_1_2' title='bbox 535 451 613 498; x_wconf 80' lang='lat' dir='ltr'><strong>rac.</strong></span> <span class='ocrx_word' id='word_1_3' title='bbox 637 450 830 498; x_wconf 77' lang='lat' dir='ltr'><strong>routzuurt</strong></span> <span class='ocrx_word' id='word_1_4' title='bbox 856 449 1102 499; x_wconf 81' lang='lat' dir='ltr'><strong>orssunrarro</strong></span> 
     </span>
    </p>
   </div>
   <div class='ocr_carea' id='block_1_2' title="bbox 267 590 1383 4170">
    <p class='ocr_par' dir='ltr' id='par_1_2' title="bbox 279 590 1365 1073">
     <span class='ocr_line' id='line_1_2' title="bbox 281 590 1360 678; baseline 0.002 -23"><span class='ocrx_word' id='word_1_5' title='bbox 281 593 448 678; x_wconf 88' lang='lat' dir='ltr'><strong>‘quinque</strong></span> <span class='ocrx_word' id='word_1_6' title='bbox 470 591 504 654; x_wconf 92' lang='lat' dir='ltr'><strong>in</strong></span> <span class='ocrx_word' id='word_1_7' title='bbox 518 610 621 655; x_wconf 91' lang='lat' dir='ltr'><strong>unum</strong></span> <span class='ocrx_word' id='word_1_8' title='bbox 636 590 823 671; x_wconf 77' lang='lat' dir='ltr'><strong>redegisse’</strong></span> <span class='ocrx_word' id='word_1_9' title='bbox 844 593 903 669; x_wconf 82' lang='lat' dir='ltr'><strong>eit,</strong></span> <span class='ocrx_word' id='word_1_10' title='bbox 927 593 962 655; x_wconf 90' lang='lat' dir='ltr'><strong>id</strong></span> <span class='ocrx_word' id='word_1_11' title='bbox 987 613 1066 657; x_wconf 83' lang='lat' dir='ltr'><strong>vero</strong></span> <span class='ocrx_word' id='word_1_12' title='bbox 1089 592 1172 656; x_wconf 87' lang='lat' dir='ltr'><strong>levis</strong></span> <span class='ocrx_word' id='word_1_13' title='bbox 1194 611 1236 655; x_wconf 90' lang='lat' dir='ltr'><strong>ac</strong></span> <span class='ocrx_word' id='word_1_14' title='bbox 1253 595 1360 657; x_wconf 80' lang='lat' dir='ltr'><strong>tenuis</strong></span> 
     </span>
     <span class='ocr_line' id='line_1_3' title="bbox 280 691 1362 772; baseline 0 -15"><span class='ocrx_word' id='word_1_15' title='bbox 280 700 332 757; x_wconf 89' lang='lat' dir='ltr'><strong>est</strong></span> <span class='ocrx_word' id='word_1_16' title='bbox 350 692 589 772; x_wconf 74' lang='lat' dir='ltr'><strong>discrepantiae,</strong></span> <span class='ocrx_word' id='word_1_17' title='bbox 604 711 680 756; x_wconf 90' lang='lat' dir='ltr'><strong>cnm</strong></span> <span class='ocrx_word' id='word_1_18' title='bbox 695 691 872 756; x_wconf 86' lang='lat' dir='ltr'><strong>facillimus</strong></span> <span class='ocrx_word' id='word_1_19' title='bbox 887 700 923 755; x_wconf 87' lang='lat' dir='ltr'><strong>et</strong></span> <span class='ocrx_word' id='word_1_20' title='bbox 939 694 1153 757; x_wconf 88' lang='lat' dir='ltr'><strong>creberrimus</strong></span> <span class='ocrx_word' id='word_1_21' title='bbox 1168 693 1203 755; x_wconf 89' lang='lat' dir='ltr'><strong>in</strong></span> <span class='ocrx_word' id='word_1_22' title='bbox 1220 694 1362 757; x_wconf 86' lang='lat' dir='ltr'><strong>numeris</strong></span> 
     </span>
     <span class='ocr_line' id='line_1_4' title="bbox 279 791 1363 875; baseline -0.002 -17"><span class='ocrx_word' id='word_1_23' title='bbox 279 792 485 858; x_wconf 80' lang='lat' dir='ltr'>librariorum</span> <span class='ocrx_word' id='word_1_24' title='bbox 515 792 559 855; x_wconf 91' lang='lat' dir='ltr'><strong>sit</strong></span> <span class='ocrx_word' id='word_1_25' title='bbox 578 793 715 875; x_wconf 88' lang='lat' dir='ltr'><strong>lapsus:</strong></span> <span class='ocrx_word' id='word_1_26' title='bbox 738 800 777 856; x_wconf 86' lang='lat' dir='ltr'><strong>nt</strong></span> <span class='ocrx_word' id='word_1_27' title='bbox 795 792 879 856; x_wconf 87' lang='lat' dir='ltr'><strong>adeo</strong></span> <span class='ocrx_word' id='word_1_28' title='bbox 901 811 1038 875; x_wconf 88' lang='lat' dir='ltr'><strong>prorsus</strong></span> <span class='ocrx_word' id='word_1_29' title='bbox 1058 801 1184 875; x_wconf 91' lang='lat' dir='ltr'><strong>putem,</strong></span> <span class='ocrx_word' id='word_1_30' title='bbox 1198 791 1254 855; x_wconf 82' lang='lat' dir='ltr'><strong>vel</strong></span> <span class='ocrx_word' id='word_1_31' title='bbox 1270 792 1363 874; x_wconf 87' lang='lat' dir='ltr'><strong>apud</strong></span> 
     </span>
     <span class='ocr_line' id='line_1_5' title="bbox 280 890 1365 976; baseline -0.001 -20"><span class='ocrx_word' id='word_1_32' title='bbox 280 890 420 956; x_wconf 87' lang='lat' dir='ltr'><strong>Suidam</strong></span> <span class='ocrx_word' id='word_1_33' title='bbox 441 890 613 972; x_wconf 74' lang='lat' dir='ltr'><strong>legendum</strong></span> <span class='ocrx_word' id='word_1_34' title='bbox 627 890 705 969; x_wconf 76' lang='grc' dir='ltr'><strong><em>δέκα,</em></strong></span> <span class='ocrx_word' id='word_1_35' title='bbox 718 894 771 956; x_wconf 83' lang='lat' dir='ltr'><strong>rei</strong></span> <span class='ocrx_word' id='word_1_36' title='bbox 792 894 905 974; x_wconf 88' lang='lat' dir='ltr'><strong>potius</strong></span> <span class='ocrx_word' id='word_1_37' title='bbox 919 893 1009 976; x_wconf 90' lang='lat' dir='ltr'><strong>apud</strong></span> <span class='ocrx_word' id='word_1_38' title='bbox 1031 893 1240 976; x_wconf 79' lang='lat' dir='ltr'><strong>Septimium,</strong></span> <span class='ocrx_word' id='word_1_39' title='bbox 1261 892 1365 955; x_wconf 88' lang='lat' dir='ltr'><strong>‘resi-</strong></span> 
     </span>
     <span class='ocr_line' id='line_1_6' title="bbox 282 987 526 1073; baseline 0 -19"><span class='ocrx_word' id='word_1_40' title='bbox 282 991 348 1054; x_wconf 89' lang='lat' dir='ltr'><strong>dua</strong></span> <span class='ocrx_word' id='word_1_41' title='bbox 363 987 526 1073; x_wconf 65' lang='lat' dir='ltr'><strong>quatuor?</strong></span> 
     </span>
    </p>

    <p class='ocr_par' dir='ltr' id='par_1_3' title="bbox 267 1091 1375 2376">
     <span class='ocr_line' id='line_1_7' title="bbox 325 1091 1365 1177; baseline -0.001 -22"><span class='ocrx_word' id='word_1_42' title='bbox 325 1108 389 1155; x_wconf 87' lang='lat' dir='ltr'><strong>vu.</strong></span> <span class='ocrx_word' id='word_1_43' title='bbox 412 1091 568 1173; x_wconf 89' lang='lat' dir='ltr'><strong>Denique</strong></span> <span class='ocrx_word' id='word_1_44' title='bbox 579 1093 678 1159; x_wconf 88' lang='lat' dir='ltr'><strong>sicuti</strong></span> <span class='ocrx_word' id='word_1_45' title='bbox 693 1102 806 1158; x_wconf 88' lang='lat' dir='ltr'><strong>nostor</strong></span> <span class='ocrx_word' id='word_1_46' title='bbox 821 1094 944 1177; x_wconf 79' lang='lat' dir='ltr'><strong>Dictys</strong></span> <span class='ocrx_word' id='word_1_47' title='bbox 956 1094 1069 1175; x_wconf 79' lang='lat' dir='ltr'><strong>seipse</strong></span> <span class='ocrx_word' id='word_1_48' title='bbox 1081 1092 1130 1157; x_wconf 89' lang='lat' dir='ltr'><strong>ait</strong></span> <span class='ocrx_word' id='word_1_49' title='bbox 1142 1109 1176 1154; x_wconf 85' lang='lat' dir='ltr'><strong>v.</strong></span> <span class='ocrx_word' id='word_1_50' title='bbox 1192 1092 1244 1156; x_wconf 84' lang='lat'><strong>17.</strong></span> <span class='ocrx_word' id='word_1_51' title='bbox 1260 1092 1365 1174; x_wconf 90' lang='lat' dir='ltr'><strong>scrip·</strong></span> 
     </span>
     <span class='ocr_line' id='line_1_8' title="bbox 283 1192 1365 1274; baseline 0.001 -20"><span class='ocrx_word' id='word_1_52' title='bbox 283 1193 370 1255; x_wconf 87' lang='lat' dir='ltr'><strong>sisse</strong></span> <span class='ocrx_word' id='word_1_53' title='bbox 383 1192 449 1255; x_wconf 92' lang='lat' dir='ltr'><strong>hoc</strong></span> <span class='ocrx_word' id='word_1_54' title='bbox 472 1211 559 1273; x_wconf 90' lang='lat' dir='ltr'><strong>opus</strong></span> <span class='ocrx_word' id='word_1_55' title='bbox 583 1193 707 1258; x_wconf 82' lang='lat' dir='ltr'><strong>‘literis</strong></span> <span class='ocrx_word' id='word_1_56' title='bbox 728 1195 867 1259; x_wconf 89' lang='lat' dir='ltr'><strong>Punicis</strong></span> <span class='ocrx_word' id='word_1_57' title='bbox 883 1195 927 1258; x_wconf 83' lang='lat' dir='ltr'><strong>ab</strong></span> <span class='ocrx_word' id='word_1_58' title='bbox 952 1193 1080 1257; x_wconf 89' lang='lat' dir='ltr'><strong>Cadmo</strong></span> <span class='ocrx_word' id='word_1_59' title='bbox 1104 1193 1285 1274; x_wconf 87' lang='lat' dir='ltr'><strong>Danaoque</strong></span> <span class='ocrx_word' id='word_1_60' title='bbox 1301 1198 1365 1255; x_wconf 89' lang='lat' dir='ltr'><strong>tra-</strong></span> 
     </span>
     <span class='ocr_line' id='line_1_9' title="bbox 282 1290 1366 1377; baseline 0 -24"><span class='ocrx_word' id='word_1_61' title='bbox 282 1290 384 1368; x_wconf 88' lang='lat' dir='ltr'><strong>ditis,&#39;</strong></span> <span class='ocrx_word' id='word_1_62' title='bbox 405 1293 456 1356; x_wconf 91' lang='lat' dir='ltr'><strong>sic</strong></span> <span class='ocrx_word' id='word_1_63' title='bbox 470 1299 505 1356; x_wconf 89' lang='lat' dir='ltr'><strong>et</strong></span> <span class='ocrx_word' id='word_1_64' title='bbox 517 1292 660 1358; x_wconf 85' lang='lat' dir='ltr'><strong>Graecus</strong></span> <span class='ocrx_word' id='word_1_65' title='bbox 675 1294 826 1377; x_wconf 90' lang='lat' dir='ltr'><strong>Scriptor</strong></span> <span class='ocrx_word' id='word_1_66' title='bbox 847 1296 879 1358; x_wconf 90' lang='lat' dir='ltr'><strong>in</strong></span> <span class='ocrx_word' id='word_1_67' title='bbox 902 1293 1149 1374; x_wconf 81' lang='lat' dir='ltr'><strong>Prolegomenis</strong></span> <span class='ocrx_word' id='word_1_68' title='bbox 1164 1290 1366 1366; x_wconf 82' lang='lat' dir='ltr'><strong>Rhetoricis,</strong></span> 
     </span>
     <span class='ocr_line' id='line_1_10' title="bbox 267 1390 1367 1475; baseline -0.003 -21"><span class='ocrx_word' id='word_1_69' title='bbox 267 1391 406 1463; x_wconf 76' lang='lat' dir='ltr'><strong>‚citatus</strong></span> <span class='ocrx_word' id='word_1_70' title='bbox 421 1393 465 1455; x_wconf 90' lang='lat' dir='ltr'><strong>ah</strong></span> <span class='ocrx_word' id='word_1_71' title='bbox 488 1391 612 1455; x_wconf 85' lang='lat' dir='ltr'><strong>Allntio</strong></span> <span class='ocrx_word' id='word_1_72' title='bbox 635 1392 676 1455; x_wconf 90' lang='lat' dir='ltr'><strong>de</strong></span> <span class='ocrx_word' id='word_1_73' title='bbox 701 1392 817 1458; x_wconf 75' lang='lat' dir='ltr'><strong>Patria</strong></span> <span class='ocrx_word' id='word_1_74' title='bbox 831 1394 885 1457; x_wconf 71' lang='lat'><strong>59.</strong></span> <span class='ocrx_word' id='word_1_75' title='bbox 927 1390 1091 1475; x_wconf 83' lang='lat' dir='ltr'><strong>‘Dictyn&#39;</strong></span> <span class='ocrx_word' id='word_1_76' title='bbox 1117 1390 1285 1466; x_wconf 80' lang='lat' dir='ltr'><strong>Groecnm,</strong></span> <span class='ocrx_word' id='word_1_77' title='bbox 1306 1408 1367 1454; x_wconf 88' lang='lat' dir='ltr'><strong>sen</strong></span> 
     </span>
     <span class='ocr_line' id='line_1_11' title="bbox 285 1488 1369 1576; baseline -0.006 -21"><span class='ocrx_word' id='word_1_78' title='bbox 285 1490 497 1569; x_wconf 71' lang='lat' dir='ltr'><strong>‘Genesium</strong></span> <span class='ocrx_word' id='word_1_79' title='bbox 511 1492 667 1556; x_wconf 87' lang='lat' dir='ltr'><strong>comitem</strong></span> <span class='ocrx_word' id='word_1_80' title='bbox 681 1490 874 1565; x_wconf 89' lang='lat' dir='ltr'><strong>Idomenei,’</strong></span> <span class='ocrx_word' id='word_1_81' title='bbox 900 1490 1010 1568; x_wconf 83' lang='lat' dir='ltr'><strong>tradit,</strong></span> <span class='ocrx_word' id='word_1_82' title='bbox 1023 1488 1197 1576; x_wconf 67' lang='grc' dir='ltr'><strong>συγγράψαι</strong></span> <span class='ocrx_word' id='word_1_83' title='bbox 1219 1492 1265 1552; x_wconf 77' lang='lat' dir='ltr'><strong>ria</strong></span> <span class='ocrx_word' id='word_1_84' title='bbox 1281 1496 1369 1574; x_wconf 65' lang='lat' dir='ltr'><strong>rget·</strong></span> 
     </span>
     <span class='ocr_line' id='line_1_12' title="bbox 288 1587 1369 1675; baseline -0.001 -23"><span class='ocrx_word' id='word_1_85' title='bbox 288 1592 336 1653; x_wconf 72' lang='lat' dir='ltr'><strong>she</strong></span> <span class='ocrx_word' id='word_1_86' title='bbox 349 1588 471 1672; x_wconf 68' lang='lat' dir='ltr'><strong>sdhrpnr</strong></span> <span class='ocrx_word' id='word_1_87' title='bbox 486 1589 619 1654; x_wconf 73' lang='grc' dir='ltr'><strong>Φοινίκων</strong></span> <span class='ocrx_word' id='word_1_88' title='bbox 632 1589 813 1675; x_wconf 78' lang='grc' dir='ltr'><strong>γραμμᾶσιν,</strong></span> <span class='ocrx_word' id='word_1_89' title='bbox 827 1589 865 1661; x_wconf 71' lang='grc' dir='ltr'><strong>οἷς</strong></span> <span class='ocrx_word' id='word_1_90' title='bbox 873 1588 1013 1666; x_wconf 60' lang='lat' dir='ltr'><strong>&#39;unum</strong></span> <span class='ocrx_word' id='word_1_91' title='bbox 1026 1587 1093 1653; x_wconf 61' lang='grc' dir='ltr'><strong>τότε</strong></span> <span class='ocrx_word' id='word_1_92' title='bbox 1105 1591 1159 1652; x_wconf 68' lang='lat' dir='ltr'><strong>tet</strong></span> <span class='ocrx_word' id='word_1_93' title='bbox 1176 1589 1292 1670; x_wconf 73' lang='grc' dir='ltr'>Κάδμου</span> <span class='ocrx_word' id='word_1_94' title='bbox 1309 1612 1369 1668; x_wconf 78' lang='grc' dir='ltr'><strong>μα·</strong></span> 
     </span>
     <span class='ocr_line' id='line_1_13' title="bbox 285 1671 1375 1777; baseline -0.002 -24"><span class='ocrx_word' id='word_1_95' title='bbox 285 1691 376 1766; x_wconf 62' lang='lat' dir='ltr'><strong>disere</strong></span> <span class='ocrx_word' id='word_1_96' title='bbox 391 1693 525 1777; x_wconf 70' lang='grc' dir='ltr'><strong>ὶχρῶιτι,</strong></span> <span class='ocrx_word' id='word_1_97' title='bbox 548 1691 748 1772; x_wconf 85' lang='lat' dir='ltr'><strong>‘scripsisse</strong></span> <span class='ocrx_word' id='word_1_98' title='bbox 769 1691 951 1774; x_wconf 79' lang='lat' dir='ltr'><strong>&#39;I&#39;roJ&#39;anum</strong></span> <span class='ocrx_word' id='word_1_99' title='bbox 968 1690 1091 1753; x_wconf 87' lang='lat' dir='ltr'><strong>bellum</strong></span> <span class='ocrx_word' id='word_1_100' title='bbox 1111 1690 1217 1753; x_wconf 87' lang='lat' dir='ltr'><strong>literis</strong></span> <span class='ocrx_word' id='word_1_101' title='bbox 1232 1671 1375 1753; x_wconf 61' lang='lat' dir='ltr'><strong>Phoeni·&#39;</strong></span> 
     </span>
     <span class='ocr_line' id='line_1_14' title="bbox 285 1785 1371 1874; baseline -0.004 -19"><span class='ocrx_word' id='word_1_102' title='bbox 285 1812 375 1869; x_wconf 88' lang='lat' dir='ltr'><strong>cum,</strong></span> <span class='ocrx_word' id='word_1_103' title='bbox 388 1792 509 1874; x_wconf 87' lang='lat' dir='ltr'><strong>quibus</strong></span> <span class='ocrx_word' id='word_1_104' title='bbox 519 1790 631 1855; x_wconf 83' lang='lat' dir='ltr'><strong>Graeci</strong></span> <span class='ocrx_word' id='word_1_105' title='bbox 643 1797 724 1853; x_wconf 90' lang='lat' dir='ltr'><strong>tunc</strong></span> <span class='ocrx_word' id='word_1_106' title='bbox 739 1788 901 1853; x_wconf 83' lang='lat' dir='ltr'><strong>aCadmo</strong></span> <span class='ocrx_word' id='word_1_107' title='bbox 915 1787 1068 1869; x_wconf 77' lang='lat' dir='ltr'><strong>acceptis</strong></span> <span class='ocrx_word' id='word_1_108' title='bbox 1083 1785 1277 1852; x_wconf 59' lang='lat' dir='ltr'><strong>utebantur)</strong></span> <span class='ocrx_word' id='word_1_109' title='bbox 1319 1787 1371 1851; x_wconf 90' lang='lat' dir='ltr'><strong>De</strong></span> 
     </span>
     <span class='ocr_line' id='line_1_15' title="bbox 284 1886 1373 1974; baseline -0.006 -19"><span class='ocrx_word' id='word_1_110' title='bbox 284 1891 338 1955; x_wconf 88' lang='lat' dir='ltr'><strong>his</strong></span> <span class='ocrx_word' id='word_1_111' title='bbox 353 1892 458 1955; x_wconf 89' lang='lat' dir='ltr'><strong>literis</strong></span> <span class='ocrx_word' id='word_1_112' title='bbox 472 1909 607 1973; x_wconf 81' lang='lat' dir='ltr'><strong>agemus</strong></span> <span class='ocrx_word' id='word_1_113' title='bbox 621 1889 789 1974; x_wconf 86' lang='lat' dir='ltr'><strong>deinceps,</strong></span> <span class='ocrx_word' id='word_1_114' title='bbox 796 1886 932 1972; x_wconf 83' lang='lat' dir='ltr'><strong>qnando</strong></span> <span class='ocrx_word' id='word_1_115' title='bbox 942 1887 1170 1969; x_wconf 85' lang='lat' dir='ltr'><strong>probabimus,</strong></span> <span class='ocrx_word' id='word_1_116' title='bbox 1178 1886 1373 1968; x_wconf 86' lang='lat' dir='ltr'><strong>nentiquam</strong></span> 
     </span>
     <span class='ocr_line' id='line_1_16' title="bbox 285 1985 1372 2074; baseline -0.01 -17"><span class='ocrx_word' id='word_1_117' title='bbox 285 1992 393 2057; x_wconf 77' lang='lat' dir='ltr'><strong>fuisse</strong></span> <span class='ocrx_word' id='word_1_118' title='bbox 417 2003 585 2057; x_wconf 81' lang='lat' dir='ltr'><strong>auctorem</strong></span> <span class='ocrx_word' id='word_1_119' title='bbox 610 1996 760 2054; x_wconf 88' lang='lat' dir='ltr'><strong>nostrum</strong></span> <span class='ocrx_word' id='word_1_120' title='bbox 777 1988 932 2071; x_wconf 76' lang='lat' dir='ltr'><strong>Teojanis</strong></span> <span class='ocrx_word' id='word_1_121' title='bbox 956 1986 1162 2074; x_wconf 83' lang='lat' dir='ltr'><strong>temporibus</strong></span> <span class='ocrx_word' id='word_1_122' title='bbox 1191 1985 1372 2066; x_wconf 76' lang='lat' dir='ltr'><strong>equalem,</strong></span> 
     </span>
     <span class='ocr_line' id='line_1_17' title="bbox 287 2083 1375 2176; baseline -0.008 -20"><span class='ocrx_word' id='word_1_123' title='bbox 287 2092 378 2176; x_wconf 85' lang='lat' dir='ltr'><strong>quod</strong></span> <span class='ocrx_word' id='word_1_124' title='bbox 400 2110 469 2173; x_wconf 82' lang='lat' dir='ltr'><strong>proe</strong></span> <span class='ocrx_word' id='word_1_125' title='bbox 491 2110 529 2154; x_wconf 91' lang='lat' dir='ltr'><strong>se</strong></span> <span class='ocrx_word' id='word_1_126' title='bbox 556 2092 629 2154; x_wconf 82' lang='lat' dir='ltr'><strong>tert.</strong></span> <span class='ocrx_word' id='word_1_127' title='bbox 674 2090 774 2154; x_wconf 87' lang='lat' dir='ltr'><strong>Nunc</strong></span> <span class='ocrx_word' id='word_1_128' title='bbox 798 2086 919 2152; x_wconf 89' lang='lat' dir='ltr'><strong>sufficit</strong></span> <span class='ocrx_word' id='word_1_129' title='bbox 941 2094 1056 2168; x_wconf 86' lang='lat' dir='ltr'><strong>nostro</strong></span> <span class='ocrx_word' id='word_1_130' title='bbox 1075 2084 1238 2161; x_wconf 88' lang='lat' dir='ltr'><strong>instituto,</strong></span> <span class='ocrx_word' id='word_1_131' title='bbox 1261 2083 1375 2148; x_wconf 87' lang='lat' dir='ltr'><strong>decla-</strong></span> 
     </span>
     <span class='ocr_line' id='line_1_18' title="bbox 288 2183 1372 2273; baseline -0.01 -12"><span class='ocrx_word' id='word_1_132' title='bbox 288 2216 380 2261; x_wconf 86' lang='lat' dir='ltr'><strong>rasse</strong></span> <span class='ocrx_word' id='word_1_133' title='bbox 388 2197 488 2261; x_wconf 89' lang='lat' dir='ltr'><strong>etiarn</strong></span> <span class='ocrx_word' id='word_1_134' title='bbox 503 2197 618 2259; x_wconf 87' lang='lat' dir='ltr'><strong>harum</strong></span> <span class='ocrx_word' id='word_1_135' title='bbox 629 2195 796 2258; x_wconf 86' lang='lat' dir='ltr'><strong>literarum</strong></span> <span class='ocrx_word' id='word_1_136' title='bbox 808 2195 1010 2273; x_wconf 76' lang='lat' dir='ltr'><strong>argumento,</strong></span> <span class='ocrx_word' id='word_1_137' title='bbox 1023 2188 1158 2270; x_wconf 78' lang='lat' dir='ltr'><strong>Dictyn,</strong></span> <span class='ocrx_word' id='word_1_138' title='bbox 1169 2204 1237 2267; x_wconf 90' lang='lat' dir='ltr'><strong>qno</strong></span> <span class='ocrx_word' id='word_1_139' title='bbox 1247 2183 1372 2262; x_wconf 80' lang='lat' dir='ltr'><strong>Graeci,</strong></span> 
     </span>
     <span class='ocr_line' id='line_1_19' title="bbox 290 2289 1124 2376; baseline -0.012 -17"><span class='ocrx_word' id='word_1_140' title='bbox 290 2304 326 2359; x_wconf 88' lang='lat' dir='ltr'><strong>et</strong></span> <span class='ocrx_word' id='word_1_141' title='bbox 341 2314 407 2376; x_wconf 86' lang='lat' dir='ltr'><strong>qno</strong></span> <span class='ocrx_word' id='word_1_142' title='bbox 422 2297 604 2376; x_wconf 84' lang='lat' dir='ltr'><strong>Septimius</strong></span> <span class='ocrx_word' id='word_1_143' title='bbox 617 2294 673 2356; x_wconf 89' lang='lat' dir='ltr'><strong>hic</strong></span> <span class='ocrx_word' id='word_1_144' title='bbox 689 2299 742 2355; x_wconf 91' lang='lat' dir='ltr'><strong>est</strong></span> <span class='ocrx_word' id='word_1_145' title='bbox 754 2290 960 2365; x_wconf 82' lang='lat' dir='ltr'><strong>usus,fuisse</strong></span> <span class='ocrx_word' id='word_1_146' title='bbox 972 2289 1124 2352; x_wconf 87' lang='lat' dir='ltr'><strong>eundem.</strong></span> 
     </span>
    </p>

    <p class='ocr_par' dir='ltr' id='par_1_4' title="bbox 290 2384 1379 3175">
     <span class='ocr_line' id='line_1_20' title="bbox 333 2384 1372 2470; baseline -0.004 -18"><span class='ocrx_word' id='word_1_147' title='bbox 333 2409 416 2454; x_wconf 80' lang='lat' dir='ltr'><strong>vrri.</strong></span> <span class='ocrx_word' id='word_1_148' title='bbox 439 2392 507 2454; x_wconf 88' lang='lat' dir='ltr'><strong>Sed</strong></span> <span class='ocrx_word' id='word_1_149' title='bbox 522 2392 574 2455; x_wconf 84' lang='lat' dir='ltr'><strong>rel</strong></span> <span class='ocrx_word' id='word_1_150' title='bbox 589 2391 732 2453; x_wconf 85' lang='lat' dir='ltr'><strong>maxime</strong></span> <span class='ocrx_word' id='word_1_151' title='bbox 754 2388 789 2452; x_wconf 92' lang='lat' dir='ltr'><strong>id</strong></span> <span class='ocrx_word' id='word_1_152' title='bbox 802 2390 907 2470; x_wconf 84' lang='lat' dir='ltr'><strong>liquet</strong></span> <span class='ocrx_word' id='word_1_153' title='bbox 921 2405 965 2449; x_wconf 84' lang='lat' dir='ltr'><strong>ex</strong></span> <span class='ocrx_word' id='word_1_154' title='bbox 986 2386 1069 2451; x_wconf 82' lang='lat' dir='ltr'><strong>Joh.</strong></span> <span class='ocrx_word' id='word_1_155' title='bbox 1091 2384 1232 2462; x_wconf 78' lang='lat' dir='ltr'><strong>Melete,</strong></span> <span class='ocrx_word' id='word_1_156' title='bbox 1248 2385 1277 2449; x_wconf 89' lang='lat' dir='ltr'><strong>si</strong></span> <span class='ocrx_word' id='word_1_157' title='bbox 1295 2404 1372 2448; x_wconf 88' lang='lat' dir='ltr'><strong>com</strong></span> 
     </span>
     <span class='ocr_line' id='line_1_21' title="bbox 291 2484 1377 2569; baseline -0.006 -16"><span class='ocrx_word' id='word_1_158' title='bbox 291 2497 404 2554; x_wconf 89' lang='lat' dir='ltr'><strong>nostro</strong></span> <span class='ocrx_word' id='word_1_159' title='bbox 420 2488 607 2553; x_wconf 89' lang='lat' dir='ltr'><strong>conseratur</strong></span> <span class='ocrx_word' id='word_1_160' title='bbox 622 2487 787 2568; x_wconf 88' lang='lat' dir='ltr'><strong>Septimio</strong></span> <span class='ocrx_word' id='word_1_161' title='bbox 807 2487 844 2550; x_wconf 91' lang='lat' dir='ltr'><strong>in</strong></span> <span class='ocrx_word' id='word_1_162' title='bbox 864 2486 920 2561; x_wconf 88' lang='lat' dir='ltr'><strong>iis,</strong></span> <span class='ocrx_word' id='word_1_163' title='bbox 935 2504 1011 2567; x_wconf 77' lang='lat' dir='ltr'><strong>quse</strong></span> <span class='ocrx_word' id='word_1_164' title='bbox 1033 2504 1077 2548; x_wconf 84' lang='lat' dir='ltr'><strong>ex</strong></span> <span class='ocrx_word' id='word_1_165' title='bbox 1100 2485 1224 2569; x_wconf 87' lang='lat' dir='ltr'><strong>Dietye</strong></span> <span class='ocrx_word' id='word_1_166' title='bbox 1239 2503 1276 2548; x_wconf 91' lang='lat' dir='ltr'><strong>se</strong></span> <span class='ocrx_word' id='word_1_167' title='bbox 1290 2484 1377 2547; x_wconf 84' lang='lat' dir='ltr'><strong>hau·</strong></span> 
     </span>
     <span class='ocr_line' id='line_1_22' title="bbox 290 2584 1378 2672; baseline -0.005 -18"><span class='ocrx_word' id='word_1_168' title='bbox 290 2591 378 2654; x_wconf 86' lang='lat' dir='ltr'><strong>sisse</strong></span> <span class='ocrx_word' id='word_1_169' title='bbox 392 2588 567 2672; x_wconf 85' lang='lat' dir='ltr'><strong>profitetur.</strong></span> <span class='ocrx_word' id='word_1_170' title='bbox 610 2587 706 2650; x_wconf 82' lang='lat' dir='ltr'><strong>Adeo</strong></span> <span class='ocrx_word' id='word_1_171' title='bbox 720 2587 806 2649; x_wconf 89' lang='lat' dir='ltr'><strong>enim</strong></span> <span class='ocrx_word' id='word_1_172' title='bbox 821 2590 1008 2667; x_wconf 80' lang='lat' dir='ltr'><strong>congruunt</strong></span> <span class='ocrx_word' id='word_1_173' title='bbox 1028 2585 1138 2662; x_wconf 88' lang='lat' dir='ltr'><strong>isthic,</strong></span> <span class='ocrx_word' id='word_1_174' title='bbox 1161 2604 1228 2649; x_wconf 93' lang='lat' dir='ltr'><strong>non</strong></span> <span class='ocrx_word' id='word_1_175' title='bbox 1248 2585 1283 2649; x_wconf 91' lang='lat' dir='ltr'><strong>in</strong></span> <span class='ocrx_word' id='word_1_176' title='bbox 1306 2584 1378 2649; x_wconf 89' lang='lat' dir='ltr'><strong>his·</strong></span> 
     </span>
     <span class='ocr_line' id='line_1_23' title="bbox 292 2686 1377 2765; baseline -0.006 -11"><span class='ocrx_word' id='word_1_177' title='bbox 292 2690 414 2754; x_wconf 83' lang='lat' dir='ltr'><strong>ton&#39;am</strong></span> <span class='ocrx_word' id='word_1_178' title='bbox 436 2687 647 2765; x_wconf 87' lang='lat' dir='ltr'><strong>tantum,sed</strong></span> <span class='ocrx_word' id='word_1_179' title='bbox 668 2688 758 2751; x_wconf 91' lang='lat' dir='ltr'><strong>etin</strong></span> <span class='ocrx_word' id='word_1_180' title='bbox 779 2687 928 2751; x_wconf 90' lang='lat' dir='ltr'><strong>ordinem</strong></span> <span class='ocrx_word' id='word_1_181' title='bbox 949 2705 1054 2750; x_wconf 88' lang='lat' dir='ltr'><strong>rernm</strong></span> <span class='ocrx_word' id='word_1_182' title='bbox 1076 2704 1118 2751; x_wconf 82' lang='lat' dir='ltr'><strong>ac</strong></span> <span class='ocrx_word' id='word_1_183' title='bbox 1132 2686 1377 2761; x_wconf 68' lang='lat' dir='ltr'><strong>verboramur</strong></span> 
     </span>
     <span class='ocr_line' id='line_1_24' title="bbox 291 2785 1378 2871; baseline -0.006 -16"><span class='ocrx_word' id='word_1_184' title='bbox 291 2809 406 2855; x_wconf 81' lang='lat' dir='ltr'><strong>caecus</strong></span> <span class='ocrx_word' id='word_1_185' title='bbox 421 2807 497 2852; x_wconf 88' lang='lat' dir='ltr'><strong>esse</strong></span> <span class='ocrx_word' id='word_1_186' title='bbox 516 2788 637 2853; x_wconf 86' lang='lat' dir='ltr'><strong>debeat</strong></span> <span class='ocrx_word' id='word_1_187' title='bbox 658 2796 718 2853; x_wconf 87' lang='lat' dir='ltr'><strong>ant</strong></span> <span class='ocrx_word' id='word_1_188' title='bbox 739 2788 938 2867; x_wconf 78' lang='lat' dir='ltr'><strong>obstinatus,</strong></span> <span class='ocrx_word' id='word_1_189' title='bbox 952 2790 1009 2871; x_wconf 89' lang='lat' dir='ltr'><strong>qui</strong></span> <span class='ocrx_word' id='word_1_190' title='bbox 1028 2793 1139 2871; x_wconf 81' lang='lat' dir='ltr'><strong>neget,</strong></span> <span class='ocrx_word' id='word_1_191' title='bbox 1154 2786 1250 2850; x_wconf 89' lang='lat' dir='ltr'><strong>illum</strong></span> <span class='ocrx_word' id='word_1_192' title='bbox 1273 2785 1378 2848; x_wconf 89' lang='lat' dir='ltr'><strong>habu·</strong></span> 
     </span>
     <span class='ocr_line' id='line_1_25' title="bbox 291 2885 1376 2971; baseline -0.006 -17"><span class='ocrx_word' id='word_1_193' title='bbox 291 2892 362 2955; x_wconf 89' lang='lat' dir='ltr'><strong>isse</strong></span> <span class='ocrx_word' id='word_1_194' title='bbox 389 2894 548 2967; x_wconf 86' lang='lat' dir='ltr'><strong>nostrum,</strong></span> <span class='ocrx_word' id='word_1_195' title='bbox 578 2888 639 2955; x_wconf 88' lang='lat' dir='ltr'><strong>sed</strong></span> <span class='ocrx_word' id='word_1_196' title='bbox 666 2889 823 2955; x_wconf 78' lang='lat' dir='ltr'><strong>Graecum</strong></span> <span class='ocrx_word' id='word_1_197' title='bbox 851 2896 973 2966; x_wconf 63' lang='lat' dir='ltr'><strong>nmen,</strong></span> <span class='ocrx_word' id='word_1_198' title='bbox 996 2889 1119 2971; x_wconf 87' lang='lat' dir='ltr'><strong>Dictyn</strong></span> <span class='ocrx_word' id='word_1_199' title='bbox 1145 2892 1224 2951; x_wconf 89' lang='lat' dir='ltr'><strong>ante</strong></span> <span class='ocrx_word' id='word_1_200' title='bbox 1249 2885 1376 2949; x_wconf 86' lang='lat' dir='ltr'><strong>oculos.</strong></span> 
     </span>
     <span class='ocr_line' id='line_1_26' title="bbox 293 2985 1379 3077; baseline -0.01 -19"><span class='ocrx_word' id='word_1_201' title='bbox 293 2993 486 3077; x_wconf 85' lang='lat' dir='ltr'><strong>Specimine</strong></span> <span class='ocrx_word' id='word_1_202' title='bbox 500 2992 654 3074; x_wconf 84' lang='lat' dir='ltr'><strong>quaedam</strong></span> <span class='ocrx_word' id='word_1_203' title='bbox 667 2991 872 3075; x_wconf 76' lang='lat' dir='ltr'><strong>proferemus</strong></span> <span class='ocrx_word' id='word_1_204' title='bbox 888 3008 980 3067; x_wconf 87' lang='lat' dir='ltr'><strong>mox,</strong></span> <span class='ocrx_word' id='word_1_205' title='bbox 996 2997 1032 3053; x_wconf 92' lang='lat' dir='ltr'><strong>ut</strong></span> <span class='ocrx_word' id='word_1_206' title='bbox 1045 2987 1271 3064; x_wconf 88' lang='lat' dir='ltr'><strong>ostendamus,</strong></span> <span class='ocrx_word' id='word_1_207' title='bbox 1294 2985 1379 3068; x_wconf 90' lang='lat' dir='ltr'><strong>Sep·</strong></span> 
     </span>
     <span class='ocr_line' id='line_1_27' title="bbox 293 3086 1314 3175; baseline -0.013 -16"><span class='ocrx_word' id='word_1_208' title='bbox 293 3095 425 3172; x_wconf 85' lang='lat' dir='ltr'><strong>timiam</strong></span> <span class='ocrx_word' id='word_1_209' title='bbox 438 3113 482 3158; x_wconf 86' lang='lat' dir='ltr'><strong>ex</strong></span> <span class='ocrx_word' id='word_1_210' title='bbox 498 3092 618 3158; x_wconf 80' lang='lat' dir='ltr'><strong>Graeco</strong></span> <span class='ocrx_word' id='word_1_211' title='bbox 633 3093 761 3175; x_wconf 78' lang='lat' dir='ltr'><strong>Dictys</strong></span> <span class='ocrx_word' id='word_1_212' title='bbox 776 3093 862 3155; x_wconf 90' lang='lat' dir='ltr'><strong>hanc</strong></span> <span class='ocrx_word' id='word_1_213' title='bbox 877 3090 1096 3154; x_wconf 80' lang='lat' dir='ltr'><strong>concinnasse</strong></span> <span class='ocrx_word' id='word_1_214' title='bbox 1108 3086 1314 3150; x_wconf 86' lang='lat' dir='ltr'><strong>Versionem.</strong></span> 
     </span>
    </p>

    <p class='ocr_par' dir='ltr' id='par_1_5' title="bbox 294 3185 1383 4170">
     <span class='ocr_line' id='line_1_28' title="bbox 339 3185 1379 3272; baseline -0.009 -15"><span class='ocrx_word' id='word_1_215' title='bbox 339 3212 394 3258; x_wconf 84' lang='lat' dir='ltr'><strong>rx.</strong></span> <span class='ocrx_word' id='word_1_216' title='bbox 419 3193 526 3257; x_wconf 85' lang='lat' dir='ltr'><strong>Multa</strong></span> <span class='ocrx_word' id='word_1_217' title='bbox 541 3199 653 3256; x_wconf 89' lang='lat' dir='ltr'><strong>tamen</strong></span> <span class='ocrx_word' id='word_1_218' title='bbox 667 3200 702 3254; x_wconf 96' lang='lat' dir='ltr'><strong>et</strong></span> <span class='ocrx_word' id='word_1_219' title='bbox 723 3192 791 3256; x_wconf 90' lang='lat' dir='ltr'><strong>alia</strong></span> <span class='ocrx_word' id='word_1_220' title='bbox 812 3191 925 3267; x_wconf 86' lang='lat' dir='ltr'><strong>habet,</strong></span> <span class='ocrx_word' id='word_1_221' title='bbox 940 3209 1016 3272; x_wconf 77' lang='lat' dir='ltr'><strong>quae</strong></span> <span class='ocrx_word' id='word_1_222' title='bbox 1030 3188 1119 3270; x_wconf 85' lang='lat' dir='ltr'><strong>apud</strong></span> <span class='ocrx_word' id='word_1_223' title='bbox 1136 3185 1298 3250; x_wconf 89' lang='lat' dir='ltr'><strong>Nostrum</strong></span> <span class='ocrx_word' id='word_1_224' title='bbox 1313 3203 1379 3249; x_wconf 90' lang='lat' dir='ltr'><strong>non</strong></span> 
     </span>
     <span class='ocr_line' id='line_1_29' title="bbox 294 3287 1381 3374; baseline -0.009 -16"><span class='ocrx_word' id='word_1_225' title='bbox 294 3299 497 3374; x_wconf 80' lang='lat' dir='ltr'><strong>comparent,</strong></span> <span class='ocrx_word' id='word_1_226' title='bbox 511 3292 614 3354; x_wconf 83' lang='lat' dir='ltr'><strong>multe</strong></span> <span class='ocrx_word' id='word_1_227' title='bbox 638 3291 739 3354; x_wconf 88' lang='lat' dir='ltr'><strong>etiarn</strong></span> <span class='ocrx_word' id='word_1_228' title='bbox 763 3290 869 3354; x_wconf 85' lang='lat' dir='ltr'><strong>aliter.</strong></span> <span class='ocrx_word' id='word_1_229' title='bbox 912 3289 1041 3353; x_wconf 86' lang='lat' dir='ltr'><strong>Prioris</strong></span> <span class='ocrx_word' id='word_1_230' title='bbox 1066 3288 1194 3369; x_wconf 76' lang='lat' dir='ltr'><strong>generis</strong></span> <span class='ocrx_word' id='word_1_231' title='bbox 1212 3292 1288 3350; x_wconf 87' lang='lat' dir='ltr'><strong>snnt</strong></span> <span class='ocrx_word' id='word_1_232' title='bbox 1302 3287 1381 3350; x_wconf 85' lang='lat' dir='ltr'><strong>cha·</strong></span> 
     </span>
     <span class='ocr_line' id='line_1_30' title="bbox 294 3383 1382 3471; baseline -0.006 -18"><span class='ocrx_word' id='word_1_233' title='bbox 294 3397 442 3453; x_wconf 74' lang='lat' dir='ltr'><strong>necteres</strong></span> <span class='ocrx_word' id='word_1_234' title='bbox 465 3395 497 3451; x_wconf 88' lang='lat' dir='ltr'><strong>et</strong></span> <span class='ocrx_word' id='word_1_235' title='bbox 518 3388 754 3470; x_wconf 86' lang='lat' dir='ltr'><strong>descriptiones</strong></span> <span class='ocrx_word' id='word_1_236' title='bbox 785 3388 978 3453; x_wconf 84' lang='lat' dir='ltr'><strong>Graecorum</strong></span> <span class='ocrx_word' id='word_1_237' title='bbox 999 3387 1286 3471; x_wconf 71' lang='lat' dir='ltr'><strong>&#39;stojanorumqne</strong></span> <span class='ocrx_word' id='word_1_238' title='bbox 1310 3383 1382 3448; x_wconf 91' lang='lat' dir='ltr'><strong>Dn-</strong></span> 
     </span>
     <span class='ocr_line' id='line_1_31' title="bbox 294 3482 1381 3570; baseline -0.007 -18"><span class='ocrx_word' id='word_1_239' title='bbox 294 3507 373 3552; x_wconf 88' lang='lat' dir='ltr'><strong>cum</strong></span> <span class='ocrx_word' id='word_1_240' title='bbox 388 3506 428 3550; x_wconf 85' lang='lat' dir='ltr'><strong>ac</strong></span> <span class='ocrx_word' id='word_1_241' title='bbox 445 3486 683 3563; x_wconf 86' lang='lat' dir='ltr'><strong>Matronarum,</strong></span> <span class='ocrx_word' id='word_1_242' title='bbox 698 3507 783 3570; x_wconf 88' lang='lat' dir='ltr'><strong>quas</strong></span> <span class='ocrx_word' id='word_1_243' title='bbox 809 3486 967 3562; x_wconf 79' lang='lat' dir='ltr'><strong>Meletos,</strong></span> <span class='ocrx_word' id='word_1_244' title='bbox 991 3492 1024 3551; x_wconf 91' lang='lat' dir='ltr'><strong>et</strong></span> <span class='ocrx_word' id='word_1_245' title='bbox 1046 3486 1166 3550; x_wconf 84' lang='lat' dir='ltr'><strong>leacus</strong></span> <span class='ocrx_word' id='word_1_246' title='bbox 1190 3482 1381 3565; x_wconf 84' lang='lat' dir='ltr'><strong>Porphyre-</strong></span> 
     </span>
     <span class='ocr_line' id='line_1_32' title="bbox 295 3583 1381 3670; baseline 0 -21"><span class='ocrx_word' id='word_1_247' title='bbox 295 3585 424 3668; x_wconf 81' lang='lat' dir='ltr'><strong>genitns</strong></span> <span class='ocrx_word' id='word_1_248' title='bbox 445 3586 566 3668; x_wconf 87' lang='lat' dir='ltr'><strong>pariter</strong></span> <span class='ocrx_word' id='word_1_249' title='bbox 580 3606 622 3649; x_wconf 90' lang='lat' dir='ltr'><strong>ex</strong></span> <span class='ocrx_word' id='word_1_250' title='bbox 640 3587 762 3670; x_wconf 88' lang='lat' dir='ltr'><strong>Dictye</strong></span> <span class='ocrx_word' id='word_1_251' title='bbox 778 3588 938 3652; x_wconf 87' lang='lat' dir='ltr'><strong>sumsisse</strong></span> <span class='ocrx_word' id='word_1_252' title='bbox 951 3607 988 3651; x_wconf 89' lang='lat' dir='ltr'><strong>se</strong></span> <span class='ocrx_word' id='word_1_253' title='bbox 1001 3586 1146 3660; x_wconf 77' lang='lat' dir='ltr'><strong>uadunt,</strong></span> <span class='ocrx_word' id='word_1_254' title='bbox 1168 3583 1249 3647; x_wconf 88' lang='lat' dir='ltr'><strong>licet</strong></span> <span class='ocrx_word' id='word_1_255' title='bbox 1262 3583 1330 3665; x_wconf 92' lang='lat' dir='ltr'><strong>ipsi</strong></span> <span class='ocrx_word' id='word_1_256' title='bbox 1348 3585 1381 3648; x_wconf 89' lang='lat' dir='ltr'><strong>in</strong></span> 
     </span>
     <span class='ocr_line' id='line_1_33' title="bbox 295 3684 1383 3770; baseline -0.003 -21"><span class='ocrx_word' id='word_1_257' title='bbox 295 3685 407 3749; x_wconf 83' lang='lat' dir='ltr'><strong>verbis</strong></span> <span class='ocrx_word' id='word_1_258' title='bbox 429 3684 570 3748; x_wconf 89' lang='lat' dir='ltr'><strong>multum</strong></span> <span class='ocrx_word' id='word_1_259' title='bbox 595 3705 730 3770; x_wconf 88' lang='lat' dir='ltr'><strong>quoqne</strong></span> <span class='ocrx_word' id='word_1_260' title='bbox 747 3690 833 3751; x_wconf 90' lang='lat' dir='ltr'><strong>inter</strong></span> <span class='ocrx_word' id='word_1_261' title='bbox 854 3706 891 3752; x_wconf 89' lang='lat' dir='ltr'><strong>se</strong></span> <span class='ocrx_word' id='word_1_262' title='bbox 915 3706 1006 3770; x_wconf 78' lang='lat' dir='ltr'><strong>saepe</strong></span> <span class='ocrx_word' id='word_1_263' title='bbox 1028 3686 1163 3761; x_wconf 82' lang='lat' dir='ltr'><strong>diversi,</strong></span> <span class='ocrx_word' id='word_1_264' title='bbox 1177 3690 1211 3749; x_wconf 89' lang='lat' dir='ltr'><strong>et</strong></span> <span class='ocrx_word' id='word_1_265' title='bbox 1236 3702 1322 3767; x_wconf 84' lang='lat' dir='ltr'><strong>quas</strong></span> <span class='ocrx_word' id='word_1_266' title='bbox 1347 3684 1383 3747; x_wconf 91' lang='lat' dir='ltr'><strong>in</strong></span> 
     </span>
     <span class='ocr_line' id='line_1_34' title="bbox 295 3782 1382 3870; baseline -0.002 -22"><span class='ocrx_word' id='word_1_267' title='bbox 295 3791 414 3848; x_wconf 89' lang='lat' dir='ltr'><strong>nostro</strong></span> <span class='ocrx_word' id='word_1_268' title='bbox 434 3785 553 3867; x_wconf 84' lang='lat' dir='ltr'><strong>Dictys</strong></span> <span class='ocrx_word' id='word_1_269' title='bbox 567 3784 689 3850; x_wconf 84' lang='lat' dir='ltr'><strong>frustra</strong></span> <span class='ocrx_word' id='word_1_270' title='bbox 702 3805 831 3868; x_wconf 78' lang='lat' dir='ltr'><strong>quaeres</strong></span> <span class='ocrx_word' id='word_1_271' title='bbox 843 3809 853 3852; x_wconf 84' lang='grc' dir='ltr'>ι</span> <span class='ocrx_word' id='word_1_272' title='bbox 876 3806 946 3870; x_wconf 92' lang='lat' dir='ltr'><strong>quo</strong></span> <span class='ocrx_word' id='word_1_273' title='bbox 962 3792 1154 3867; x_wconf 77' lang='lat' dir='ltr'><strong>argumento</strong></span> <span class='ocrx_word' id='word_1_274' title='bbox 1167 3784 1191 3848; x_wconf 84' lang='lat' dir='ltr'>J</span> <span class='ocrx_word' id='word_1_275' title='bbox 1192 3803 1278 3848; x_wconf 87' lang='lat' dir='ltr'><strong>anns</strong></span> <span class='ocrx_word' id='word_1_276' title='bbox 1292 3782 1382 3847; x_wconf 87' lang='lat' dir='ltr'><strong>Rut-</strong></span> 
     </span>
     <span class='ocr_line' id='line_1_35' title="bbox 296 3881 1382 3977; baseline 0 -31"><span class='ocrx_word' id='word_1_277' title='bbox 296 3884 425 3966; x_wconf 74' lang='lat' dir='ltr'><strong>gersius</strong></span> <span class='ocrx_word' id='word_1_278' title='bbox 439 3881 520 3947; x_wconf 87' lang='lat' dir='ltr'><strong>Var.</strong></span> <span class='ocrx_word' id='word_1_279' title='bbox 543 3885 638 3949; x_wconf 73' lang='lat' dir='ltr'><strong>Iaect</strong></span> <span class='ocrx_word' id='word_1_280' title='bbox 656 3904 688 3950; x_wconf 89' lang='lat' dir='ltr'><strong>v.</strong></span> <span class='ocrx_word' id='word_1_281' title='bbox 711 3886 766 3950; x_wconf 76' lang='lat'><strong>20.</strong></span> <span class='ocrx_word' id='word_1_282' title='bbox 788 3889 847 3952; x_wconf 92' lang='lat' dir='ltr'><strong>uhi</strong></span> <span class='ocrx_word' id='word_1_283' title='bbox 871 3888 964 3953; x_wconf 89' lang='lat' dir='ltr'><strong>Isaci</strong></span> <span class='ocrx_word' id='word_1_284' title='bbox 984 3885 1146 3977; x_wconf 83' lang='lat' dir='ltr'><strong>Porphyr.</strong></span> <span class='ocrx_word' id='word_1_285' title='bbox 1162 3884 1382 3949; x_wconf 78' lang='lat' dir='ltr'><strong>characteres</strong></span> 
     </span>
     <span class='ocr_line' id='line_1_36' title="bbox 295 3980 1382 4064; baseline -0.002 -16"><span class='ocrx_word' id='word_1_286' title='bbox 295 4002 341 4048; x_wconf 86' lang='lat' dir='ltr'><strong>ex</strong></span> <span class='ocrx_word' id='word_1_287' title='bbox 358 3982 449 4048; x_wconf 88' lang='lat' dir='ltr'><strong>Msto</strong></span> <span class='ocrx_word' id='word_1_288' title='bbox 471 3980 786 4049; x_wconf 81' lang='lat' dir='ltr'><strong>Amstelaedarnensi</strong></span> <span class='ocrx_word' id='word_1_289' title='bbox 801 3988 944 4064; x_wconf 83' lang='lat' dir='ltr'><strong>exhibet,</strong></span> <span class='ocrx_word' id='word_1_290' title='bbox 957 4007 1032 4053; x_wconf 88' lang='lat' dir='ltr'><strong>eum</strong></span> <span class='ocrx_word' id='word_1_291' title='bbox 1048 3995 1161 4052; x_wconf 87' lang='lat' dir='ltr'><strong>censet</strong></span> <span class='ocrx_word' id='word_1_292' title='bbox 1175 3991 1256 4050; x_wconf 88' lang='lat' dir='ltr'><strong>‘aut</strong></span> <span class='ocrx_word' id='word_1_293' title='bbox 1267 3984 1382 4059; x_wconf 68' lang='lat' dir='ltr'><strong>mium,</strong></span> 
     </span>
     <span class='ocr_line' id='line_1_37' title="bbox 297 4083 1383 4170; baseline -0.001 -22"><span class='ocrx_word' id='word_1_294' title='bbox 297 4101 399 4170; x_wconf 86' lang='lat' dir='ltr'><strong>quam</strong></span> <span class='ocrx_word' id='word_1_295' title='bbox 419 4102 480 4148; x_wconf 91' lang='lat' dir='ltr'><strong>nns</strong></span> <span class='ocrx_word' id='word_1_296' title='bbox 505 4083 679 4163; x_wconf 87' lang='lat' dir='ltr'><strong>habemus,</strong></span> <span class='ocrx_word' id='word_1_297' title='bbox 700 4086 857 4151; x_wconf 83' lang='lat' dir='ltr'><strong>hahuisse</strong></span> <span class='ocrx_word' id='word_1_298' title='bbox 880 4088 1031 4170; x_wconf 85' lang='lat' dir='ltr'><strong>Dictym,</strong></span> <span class='ocrx_word' id='word_1_299' title='bbox 1053 4094 1114 4152; x_wconf 91' lang='lat' dir='ltr'><strong>ant</strong></span> <span class='ocrx_word' id='word_1_300' title='bbox 1133 4085 1290 4151; x_wconf 85' lang='lat' dir='ltr'><strong>memoria</strong></span> <span class='ocrx_word' id='word_1_301' title='bbox 1310 4083 1383 4165; x_wconf 87' lang='lat' dir='ltr'><strong>lap·</strong></span> 
     </span>
    </p>
   </div>
   <div class='ocr_carea' id='block_1_3' title="bbox 0 0 1534 4978">
    <p class='ocr_par' dir='ltr' id='par_1_6' title="bbox 0 0 1534 4978">
     <span class='ocr_line' id='line_1_38' title="bbox 0 0 1534 4978; baseline 0 0"><span class='ocrx_word' id='word_1_302' title='bbox 0 0 1534 4978; x_wconf 95' lang='lat' dir='ltr'><strong> </strong></span> 
     </span>
    </p>
   </div>
  </div>
 </body>
</html>
