3052 4972
399 403 647 457 nurrrsrorrrt
676 411 783 459 sunni
809 415 984 466 unorum.
1190 413 1233 481 35

141 577 186 629 νος
201 552 346 632 βασιλεὺς,
362 551 393 628 ἐξ
403 549 434 613 οὗ
450 554 464 612 i
481 555 584 634 Τρῶος,
598 551 646 613 καὶ
660 558 683 614 ol
702 561 750 615 τοῦ
771 554 858 616 ¹'liu‘oo
884 558 1023 633 βασιλεῖς.
1067 559 1232 635 Videmus

141 654 182 716 in
201 653 256 716 his
277 651 411 715 easdem
432 671 498 727 res,
509 658 547 712 et
568 653 702 715 eandem
724 672 830 718 rerum
854 658 982 733 seriem,
997 660 1111 725 eadem
1128 665 1232 734 ferme

143 754 236 816 bona
249 757 280 816 et
300 752 415 829 mala3
433 749 528 832 jungi
552 752 670 815 Danao
686 752 881 838 Agenorem,
896 759 954 837 qui
975 760 1063 823 illins
1085 772 1156 828 erat
1170 785 1231 847 pa-

144 856 248 927 truus,
277 869 356 932 qnae
374 850 561 932 conjunctio
581 850 696 917 saltem
718 852 818 916 verbo
841 858 966 935 exponi
987 857 1172 942 debuisset,
1195 875 1232 932 ut

144 955 332 1027 constaret,
346 967 411 1031 qua
432 948 557 1011 ratione
577 969 636 1032 per
657 951 735 1014 illos
757 952 790 1013 in
814 952 900 1015 idern
924 975 1025 1035 genus
1046 968 1080 1023 et
1095 964 1230 1030 eandem

146 1051 309 1131 originem
336 1049 540 1112 convenirent
570 1048 724 1113 Priamus
751 1056 786 1113 et
811 1050 956 1131 Helena,
975 1057 1076 1123 sicuti
1091 1061 1176 1143 jam,
1199 1073 1231 1130 et

144 1157 250 1225 recte,
267 1149 391 1212 monuit
405 1146 586 1225 Mercerus,
601 1155 637 1212 et
659 1148 740 1213 iecit
756 1149 934 1232 Cedrenus,
949 1156 1008 1220 sed
1029 1159 1231 1229 hauddubie

143 1247 188 1312 da
209 1267 283 1325 sno,
306 1265 383 1310 cnm
407 1245 590 1329 Agenorem
613 1247 696 1312 dicit
720 1248 829 1312 Danai
856 1251 1058 1338 πατράδιλφον.
1101 1260 1231 1328 Deinde

139 1349 313 1413 videturin
327 1355 442 1412 nostro
452 1347 574 1429 Dictye
588 1347 772 1429 legendnm,
784 1369 848 1412 non
859 1347 1006 1432 Hesiona,
1015 1375 1074 1422 nec
1085 1355 1230 1442 Pleione,

143 1449 203 1513 scd
220 1445 478 1525 Plesiono,unde
492 1448 592 1511 facile
607 1447 740 1512 formari
754 1451 865 1531 potnit
879 1451 958 1516 illud
977 1452 1126 1538 Hesiona,
1141 1464 1231 1543 quod

143 1551 320 1633 praeterunt
344 1548 426 1612 Msti
447 1548 603 1632 Dictyos,
619 1567 686 1611 non
709 1549 774 1625 hic,
788 1551 845 1612 ubi
867 1553 1050 1620 mutilatum
1072 1559 1231 1626 exhibent

144 1651 210 1713 hoc
225 1669 343 1714 nomen
365 1651 472 1731 prima
486 1649 633 1731 syllaba,
652 1651 830 1731 leguntqne
853 1657 992 1731 tantum,
1027 1655 1118 1735 Iona,
1147 1659 1229 1728 Ona,

147 1747 241 1826 Sena,
269 1750 411 1813 testibus
434 1749 586 1813 Mercero
607 1755 642 1813 et
656 1748 835 1826 obtectio,
850 1752 907 1814 sed
923 1768 972 1815 ιν.
985 1755 1040 1821 22.
1083 1758 1131 1824 At
1150 1765 1231 1826 anti.

145 1853 310 1934 quissima
332 1849 469 1914 Mediol.
493 1850 596 1914 editio
618 1849 708 1913 haud
731 1849 829 1912 dubie
852 1852 925 1915 suis
943 1856 1044 1920 etiam
1063 1877 1107 1923 ox
1121 1860 1228 1926 codo.

146 1953 376 2018 ‘Plesionem’
396 1953 450 2016 liic
466 1953 555 2034 legit,
572 1953 672 2034 plane
686 1953 737 2015 nti
758 1970 822 2014 non
838 1952 983 2020 Mulelas
996 1958 1107 2036 modo,
1122 1963 1180 2026 sed
1196 1971 1231 2028 et

148 2051 335 2128 cedrenus,
350 2053 405 2134 qui
419 2072 599 2116 consensus
619 2069 683 2117 non
697 2050 827 2114 videtur
851 2059 973 2118 temere
995 2060 1230 2139 repudiandus,

150 2153 309 2232 quamvis
324 2153 487 2231 ceteroqui
500 2170 604 2232 neque
624 2151 805 2225 ‘Pluinna'
825 2171 932 2233 neque
955 2156 966 2189 ‘
975 2155 1154 2234 Plesiona,'
1173 2177 1232 2223 ue·

151 2269 222 2332 que
234 2253 245 2282 ‘
258 2247 428 2311 Hesiona'
442 2250 527 2312 inter
540 2249 647 2313 Danai
660 2249 742 2314 litias
754 2257 951 2314 memoretur
963 2253 1007 2316 ab
1019 2254 1074 2332 iis,
1089 2257 1145 2338 qni
1154 2257 1231 2322 illas

150 2369 194 2413 ex
209 2347 360 2430 professo
382 2354 581 2427 enumerant,
594 2347 800 2430 Apollodoro
815 2358 851 2414 et
875 2351 1032 2433 Hygino:
1055 2361 1171 2420 contra
1185 2360 1229 2422 ab
1345 2425 1349 2432 ,

146 2449 300 2512 omnibus
327 2447 470 2512 Atlantis
497 2466 581 2512 uxor
602 2448 742 2526 dicatur,
768 2469 834 2512 non
858 2451 979 2528 Danai,
1003 2453 1064 2516 sed
1100 2452 1229 2521 Oceani

146 2549 249 2628 Filia,
272 2551 342 2612 sive
365 2548 549 2622 ‘Pleione'
571 2550 645 2612 sive
671 2549 826 2627 ‘AEthra,'
845 2551 984 2617 nomine.
1029 2553 1070 2616 In
1085 2574 1153 2618 nno
1169 2575 1229 2620 au·

145 2655 211 2712 tem
240 2667 387 2713 seorsum
418 2649 489 2712 abit
510 2667 531 2711 a
551 2649 713 2728 Septimio
743 2648 897 2728 Mulelas,
918 2652 980 2714 sed
1009 2652 1100 2716 hand
1130 2654 1230 2718 dubie

144 2749 229 2812 vitio
252 2749 418 2811 memoriae
443 2746 496 2810 vel
519 2745 737 2826 negligentiae,
754 2747 840 2829 qnod
857 2748 1026 2816 Atlantem
1050 2752 1138 2818 hunc
1153 2755 1230 2818 Ple·

145 2850 259 2912 aiones
272 2849 354 2912 iacit
369 2847 472 2910 filiurn
494 2852 529 2911 et
543 2845 685 2909 Electrae
697 2847 842 2925 tranem,
853 2868 929 2912 cunr
952 2871 995 2914 ex
1016 2853 1091 2934 ipso
1105 2854 1230 2936 Dictys

143 2957 262 3014 nostro
276 2947 364 3011 hand
389 2950 511 3023 minus,
523 2963 623 3027 qnam
643 2963 687 3007 ex
708 2947 860 3011 omnibus
883 2947 958 3010 aliis
972 2957 1114 3028 constet,
1134 2953 1230 3014 mari·

144 3057 216 3112 tum
230 3050 334 3112 tuisse
349 3048 509 3111 Pleiones
524 3045 595 3108 sive
610 3045 791 3118 Plesiones,
807 3047 954 3110 Electrae
970 3054 1080 3111 antem
1095 3056 1231 3129 patrem.

144 3147 298 3231 Denique
314 3148 464 3210 videmus
486 3145 738 3228 praetermisisso
759 3166 817 3209 eos
836 3147 957 3229 pariter
974 3145 1230 3226 Erichthonium,

143 3250 204 3331 qni
235 3247 481 3312 interserendns
511 3252 582 3308 erat
610 3247 695 3307 inter
723 3243 917 3309 Dardanum
946 3251 982 3310 et
1009 3246 1110 3324 Trou,
1135 3245 1232 3328 hujus

145 3351 272 3430 quippe
285 3354 389 3429 pater,
404 3345 495 3408 illius
510 3342 608 3407 tilius.
653 3342 775 3425 Neque
790 3346 900 3411 omisit
919 3366 993 3411 enm
1009 3347 1134 3412 Noster
1147 3346 1232 3410 intra
1305 3355 1307 3360 ’

150 3463 201 3506 rr.
213 3447 269 3510 22.
284 3448 341 3510 nbi
361 3447 493 3528 plenius
518 3444 677 3507 familiam
691 3451 724 3509 et
744 3450 898 3527 posteros
922 3447 1072 3513 Dardani
1085 3448 1230 3529 exponit.

151 3545 261 3628 Culpa
274 3547 348 3630 ejus
371 3548 419 3610 rei
436 3545 490 3607 tric
504 3545 572 3607 loci
587 3545 687 3608 haeret
704 3544 794 3607 haud
814 3544 965 3610 dublein
988 3546 1047 3610 illo
1068 3549 1155 3628 ipso,
1170 3547 1228 3628 qui

151 3653 300 3724 temporo
319 3646 466 3710 Ne'ronis
492 3645 648 3708 Graecum
675 3646 772 3708 nobis
797 3645 922 3728 Dictyn
943 3648 1139 3728 composuit,
1161 3665 1230 3728 quo

149 3745 281 3827 pariter
298 3747 347 3807 nsi
370 3745 517 3809 Malelas
539 3753 571 3809 et
593 3745 786 3827 Septimius,
801 3752 839 3808 nt
860 3765 903 3808 ex
924 3745 1025 3823 hisce,
1039 3746 1103 3810 nisi
1125 3745 1230 3822 fallor,

146 3841 289 3910 abunde
300 3852 398 3926 patet,
411 3847 444 3908 in
458 3845 599 3908 eundem
614 3845 671 3908 hic
685 3845 872 3909 inciderunt
883 3863 1031 3908 errorem.

190 3958 312 4007 xvrrr.
336 3941 485 4024 Sequitur
498 3933 576 4008 mox
594 3945 684 4028 apud
707 3944 886 4008 Nostrum:
909 3941 1091 4025 ‘Agenoris
1105 3944 1230 4026 quippe

141 4046 253 4110 tilium
281 4041 473 4108 Pnoenroem
495 4051 530 4108 et
552 4045 670 4127 Dymae
696 4045 798 4126 patris
813 4043 978 4119 Hecube,
990 4052 1024 4109 et
1037 4044 1137 4108 Ledm
1153 4062 1231 4106 con-

138 4144 384 4230 sanguinitatis
393 4144 553 4227 originem
569 4144 756 4209 dimisisse!
775 4143 863 4220 Qua
880 4145 928 4208 ita
944 4143 1086 4208 Malelas
1097 4159 1233 4223 expres·
