3052 4972
387 347 441 394 ns·
459 343 641 394 urseolus
668 344 778 392 eninr
803 341 977 393 unciaru.
1176 333 1217 396 al

131 503 209 568 quae
232 485 363 550 tendem
385 491 437 550 est
456 487 544 549 ratio
565 484 602 547 id
623 483 775 566 negandi,
790 491 848 548 ant
869 486 903 546 in
923 483 1059 547 dubium
1075 487 1219 550 vocandi

131 585 233 649 fidem
243 585 420 667 Epistola,
437 603 539 666 quam
554 584 633 648 lruic
646 584 805 665 opusculo
818 584 979 666 praemisit
989 585 1149 666 interpres
1164 585 1220 649 ille
1259 571 1265 584 ⁹

134 683 324 765 Septimius,
339 705 420 747 oum
437 685 553 766 ntique
568 685 712 748 extiterit
726 703 840 747 revera
854 697 934 764 post
949 691 1095 765 tempora
1111 683 1143 746 N
1146 703 1219 748 ero-

133 783 186 845 nis
196 783 343 848 Grrecus
360 784 503 865 scriptor
515 783 612 846 istius
635 783 781 847 nominis
797 803 818 846 a
833 783 962 846 Graecis
976 785 1218 865 posterioribus

134 883 264 964 saepius
291 882 463 957 laudatus,
492 901 567 944 cum
597 882 771 944 conveniet
796 881 932 945 Titulus
957 883 1069 946 Graeci
1091 883 1220 947 Latini·

136 1000 201 1062 que
225 981 327 1064 lrnjns'
352 982 471 1064 operis,
501 1000 576 1044 oum
599 988 781 1062 congruant
803 981 966 1063 utrimque
991 1002 1046 1045 res
1073 983 1157 1064 ipsae
1186 985 1220 1046 iu

136 1081 278 1146 eandem
298 1082 397 1163 plene
418 1084 629 1157 sententiam,
655 1099 730 1143 cum
759 1081 904 1162 denique
930 1081 1046 1144 eedem
1069 1082 1221 1146 tradatur

134 1179 259 1245 inventi
276 1183 389 1263 operis
416 1180 563 1256 historia,
580 1200 656 1263 qnae
678 1199 757 1259 ergo
781 1181 866 1244 ratio
888 1189 952 1256 est,
977 1181 1122 1262 inquam,
1139 1182 1222 1246 satis

132 1279 269 1359 idonea,
285 1299 387 1363 qnare
409 1299 507 1343 secus
523 1300 625 1362 quam
646 1299 701 1343 res
726 1280 802 1361 ipsa
822 1278 910 1342 ultro
932 1278 1066 1355 clamat,
1080 1291 1115 1343 et
1137 1281 1221 1364 Sep·

135 1380 250 1446 u'mius
272 1381 331 1445 llle
352 1382 466 1464 palam
487 1381 531 1445 de
557 1399 595 1442 se
615 1380 746 1454 fatetur,
768 1398 959 1442 censeamus
980 1379 1135 1444 Latinum
1158 1383 1222 1447 lroc

136 1481 338 1562 opusculum
362 1500 428 1544 non
450 1500 529 1544 esse
551 1499 594 1543 ex
610 1477 734 1542 Graeco
748 1479 904 1541 versuml
949 1477 1119 1544 Itetamen
1134 1481 1223 1547 Vos·

139 1580 209 1644 sius
224 1580 260 1643 in
274 1581 460 1645 Historiois
475 1580 619 1655 Latinis,
635 1583 645 1612 ‘
657 1576 701 1655 Q.
724 1578 903 1660 Septimius
916 1577 1089 1643 Romanus
1105 1582 1223 1648 Latine

140 1694 337 1744 cnsnrruu
364 1680 507 1744 vertisse
530 1680 656 1761 Dictyn
678 1676 864 1740 Cretensem
887 1677 930 1740 de
949 1679 1043 1744 Bello
1064 1681 1223 1764 Trojano,

141 1779 197 1844 sed
219 1781 372 1862 quisquis
395 1787 512 1843 auctor
534 1783 586 1842 est
608 1776 683 1856 ejus
707 1776 830 1858 operis,
851 1775 980 1856 Latine,
1003 1799 1067 1843 non
1093 1780 1223 1860 Graece,

142 1879 289 1962 scripsit,
303 1877 442 1944 Gresoos
456 1885 567 1942 tamen
582 1884 742 1940 auctores
764 1895 839 1938 cum
859 1876 991 1958 judicio
1011 1879 1103 1960 legit,
1124 1888 1224 1964 atque

145 1978 241 2042 exiis
252 1979 438 2060 excerpsit,
445 1997 521 2060 queo
533 1976 665 2042 veritati
678 1983 901 2040 consentanea
909 1975 1121 2042 riderentur!
1140 1979 1226 2044 Vult

149 2093 241 2156 ergo,
256 2095 345 2157 opns
362 2076 429 2139 hoc
451 2076 617 2162 Septimii,
631 2075 683 2138 rel
707 2075 898 2157 quicunque
918 2075 990 2156 ejus
1015 2080 1144 2151 auctor,
1160 2095 1227 2141 non

28 2219 30 2230 ,
153 2171 279 2236 Graeco
293 2174 456 2254 primitus,
471 2173 529 2236 sed
545 2173 657 2237 latine
670 2181 795 2238 tanturn
817 2173 979 2255 scripturn
1001 2193 1078 2237 osse
1093 2179 1128 2238 et
1141 2193 1228 2240 eom·

28 2331 29 2336 ,
151 2272 309 2354 positum.
335 2272 502 2338 Disertius
514 2272 614 2338 etiam
625 2273 791 2340 Mercerus
804 2275 838 2338 in
855 2274 955 2338 Notis
968 2274 1010 2339 ad
1026 2273 1225 2359 Prologum:

150 2369 218 2434 ‘Et
230 2371 335 2436 mults
348 2372 474 2437 indicia
489 2379 563 2438 sunt
577 2373 695 2438 latine
716 2374 894 2455 scripsisse
910 2373 1081 2453 Nostrum,
1099 2396 1163 2441 non
1183 2397 1226 2442 ex

146 2469 270 2536 Grreoo
285 2473 433 2552 vertisse,
450 2481 485 2536 et
497 2473 616 2537 habere
632 2492 654 2537 a
667 2474 797 2538 Grecis
812 2475 859 2549 τὴν
874 2470 950 2550 ὕλην,
966 2495 988 2539 a
1001 2476 1131 2542 Latinis
1145 2477 1228 2540 mul·

144 2579 197 2638 las
225 2575 389 2639 dictiones
408 2595 604 2659 expressas,
629 2576 802 2658 praecipue
829 2597 850 2641 a
874 2579 1053 2645 Sallustio!
1096 2580 1227 2646 Vellem

143 2675 312 2741 ‘indicia’
339 2676 413 2740 hec
441 2677 635 2759 protulisset
663 2684 696 2740 et
723 2678 821 2740 nobis
846 2690 1143 2747 commonstresset
1167 2682 1230 2746 Vir

141 2775 372 2841 doctissimus.
414 2776 506 2841 Nam
526 2777 617 2860 qnod
639 2778 780 2860 phrases
800 2779 922 2842 multas
937 2784 1092 2845 sumserit
1105 2801 1150 2844 ex
1166 2781 1229 2845 La-

143 2877 224 2942 tinis
241 2883 280 2940 et
300 2875 463 2941 classicis
489 2877 697 2954 auctoribus,
710 2895 751 2941 ec
766 2878 977 2960 potissimum
996 2899 1038 2942 ex
1056 2879 1230 2959 Sallustio,

146 2977 242 3060 quid,
256 2977 411 3053 obsecro,
426 2979 462 3040 in
477 2996 519 3041 eo
533 2978 622 3042 inest
635 2979 678 3042 ab
699 2978 886 3060 interpretis
906 2976 1036 3040 ratione
1057 2977 1139 3040 adeo
1155 2979 1232 3041 allo-

142 3095 235 3154 nnm,
248 3097 328 3142 cnm
350 3079 468 3160 utique
489 3077 611 3141 Latine
633 3078 794 3155 oratione,
817 3086 851 3143 et
868 3077 1005 3142 liberius
1026 3075 1170 3158 quidem,
1194 3086 1234 3140 nt

144 3179 307 3244 solebam
334 3186 411 3243 tunc
441 3179 651 3259 interpretes,
680 3177 794 3242 Graeci
835 3178 1006 3260 scriptoris
1034 3177 1234 3258 expresserit

28 3337 29 3342 ,
145 3281 346 3346 historiaml
369 3279 490 3362 Neque
504 3279 594 3342 enim
612 3278 766 3360 postulat
779 3279 953 3360 qnisquam
968 3297 1091 3356 eorum,
1113 3277 1171 3360 qui
1189 3297 1233 3341 ex

150 3381 271 3446 Greew
301 3379 460 3445 Nostrum
487 3380 561 3443 haec
584 3379 724 3442 vertisse
744 3385 894 3455 censent,
916 3385 952 3444 nt
971 3379 1108 3443 verbum
1131 3379 1232 3441 verbo

28 3527 29 3536 r
152 3498 279 3564 semper
293 3481 398 3544 anxia
411 3479 510 3543 nimis
525 3485 559 3544 et
573 3480 717 3544 obscura
738 3478 835 3560 plane
856 3477 1027 3560 diligentia
1048 3476 1234 3542 reddidisse

153 3579 330 3746 0¹31?ss
351 3688 461 3748 tamen
482 3683 570 3747 adeo
586 3665 682 3747 *fidus
702 3683 766 3746 fnit
786 3701 879 3763 seope
900 3682 1070 3763 interpres,
1085 3687 1123 3744 ut
1136 3681 1235 3744 etiam

28 3837 29 3870 r
153 3779 356 3845 Graeoisuris
368 3783 439 3864 ejus
455 3783 559 3847 dictio
579 3783 735 3860 abundet,
751 3789 784 3845 et
807 3783 909 3846 verba
930 3799 971 3843 eo
993 3780 1130 3862 phrases
1143 3778 1237 3842 Grae·

28 3967 29 3982 χ
151 3901 213 3947 css
233 3881 377 3946 subinde
389 3881 507 3947 latino
530 3899 680 3946 sermone
700 3899 877 3964 expressas
898 3879 1077 3944 retinuerit.
1122 3877 1237 3961 Speci-
1339 3899 1342 3906 ’

150 3981 253 4046 minis
267 3980 350 4044 loco
374 3979 441 4042 sint
460 3981 633 4068 sequentia
653 3999 696 4044 ex
719 3979 850 4045 dnobus
871 3983 998 4044 tantum
1011 3977 1107 4042 libris
1121 3976 1237 4058 petita,

148 4083 209 4148 lib.
226 4101 261 4148 v.
285 4079 436 4146 ‘Eadem
448 4081 628 4166 cupiditate
642 4082 831 4146 universam
846 4079 980 4144 domum
993 4077 1067 4160 ejus
1079 4077 1112 4138 in
1125 4073 1237 4137 scelus
