3200 4972
507 443 555 490 nn
579 442 708 492 nxctu.
731 440 859 489 unctu
882 441 1032 490 unsrun.
1245 426 1308 491 331

225 592 264 650 ut
278 591 404 668 patrem
419 602 514 648 suum
528 584 727 649 ulciscatur:
750 582 950 664 tandemque
968 583 1078 665 placet
1089 583 1311 664 Agamemno·

226 685 260 747 ni
275 691 309 748 et
321 683 472 748 omnibus
488 683 676 748 consilium.
719 681 831 746 Datur
849 682 1017 762 negotium
1042 681 1232 746 Menelaoe‘
1255 683 1310 748 hic

227 786 369 866 Scyrum
379 792 393 820 ¹⁸
414 783 636 862 proficiscitur
650 783 693 847 ad
712 781 931 866 Lycomedem
946 802 1044 847 avum
1059 782 1148 865 ejus:
1174 783 1312 866 imperat

227 889 264 947 ut
277 893 430 967 nepotem
445 903 541 948 suum
555 884 676 949 mittat.
718 881 820 961 Quod
835 881 1042 965 Lycomedes
1056 881 1191 964 Argivis
1204 882 1312 947 liben-

227 988 277 1048 ter
299 986 479 1049 concessit.
521 985 708 1068 Postquam
731 983 876 1048 induciae
898 984 1059 1060 exierunt,
1081 980 1312 1064 Agamemnon

230 1085 414 1149 exercitum
431 1085 559 1163 eduxit,
574 1085 719 1163 instruit,
732 1085 892 1148 hortetur.
935 1083 1059 1159 Contra
1080 1082 1218 1166 Trojani
1232 1103 1311 1166 pro·

230 1184 349 1249 deunt:
371 1186 523 1269 pralium
537 1186 761 1251 committitur.
805 1183 846 1248 ln
867 1184 974 1268 prims
988 1186 1063 1251 scie
1078 1184 1172 1267 Ajnx
1196 1202 1310 1249 versa·

229 1292 292 1362 tur,
307 1285 449 1350 clamore
463 1305 583 1368 magno
597 1293 679 1352 orto.
722 1286 825 1351 Multi
842 1303 887 1348 ex
908 1292 1052 1369 utraque
1068 1292 1164 1369 parta
1178 1285 1312 1350 cudunt.

160 1382 163 1386 ’
228 1383 417 1449 Alexander
431 1405 543 1451 arcum
557 1393 684 1464 tenens,
699 1389 822 1451 multos
835 1386 997 1464 interficit,
1013 1386 1132 1470 Ajacis
1151 1388 1239 1451 latus
1253 1403 1313 1451 nu·

228 1484 307 1549 dum
322 1485 402 1564 tiqit.
445 1486 537 1569 Ajnx
552 1489 686 1553 saucius
700 1507 762 1571 per
775 1487 891 1551 hostes
906 1488 1065 1572 persequi
1080 1487 1311 1552 Alexandrum

228 1588 352 1669 coepit:
375 1606 439 1652 nec
451 1586 589 1667 destitit,
600 1589 668 1653 nisi
683 1593 917 1672 prosterneret.
945 1587 1039 1671 Ajnx
1054 1587 1162 1653 lessus
1174 1589 1311 1653 vulnere

227 1685 261 1749 in
275 1696 388 1753 castra
401 1687 547 1754 refertur.
590 1690 719 1771 Sagitta
733 1694 869 1754 exemia
884 1689 994 1753 statim
1008 1689 1172 1753 moritan'
1201 1687 1309 1753 Alex·

229 1786 322 1853 andri
337 1809 456 1874 corpus
471 1789 514 1855 nd
528 1792 641 1854 urbem
657 1789 829 1854 refertur!
871 1786 1068 1853 Alexandro
1083 1789 1210 1865 occiso,
1229 1790 1313 1855 Dio·

226 1888 340 1952 modes
351 1908 470 1970 magno
485 1890 596 1954 auimo
610 1889 644 1951 in
658 1889 772 1953 hostes
784 1888 1035 1970 impressionem
1048 1888 1142 1953 lacit.
1168 1888 1314 1972 Phryges

228 1984 310 2051 sessi
324 1987 360 2049 in
380 1987 495 2051 urbem
515 1988 718 2069 confugiunt,
734 2006 820 2071 quos
835 1987 1015 2051 Diomedes
1028 2007 1137 2068 usquo
1153 1987 1186 2050 iu
1200 1990 1315 2053 urbem

230 2086 451 2167 persequitur.
481 2085 707 2168 Agamemnon
722 2088 905 2153 exercitum
920 2088 1009 2152 circa
1023 2087 1185 2170 oppidum
1199 2086 1315 2165 ducit?

231 2190 265 2248 et
286 2189 357 2248 tota
379 2192 479 2249 nocte
497 2186 587 2251 circs
604 2205 731 2253 murum
747 2189 891 2265 obsidet,
909 2191 942 2252 et
957 2195 1052 2252 curat
1064 2187 1251 2252 ntaltemis
1267 2188 1317 2251 vi·

232 2283 329 2348 cibus
343 2285 516 2367 diligenter
530 2288 663 2369 vigilias
678 2296 789 2372 agant.
817 2290 961 2355 Postera
975 2288 1029 2353 die
1043 2287 1196 2352 Priamus
1212 2287 1316 2353 Alex·
1360 2368 1366 2379 ἱ

230 2383 368 2451 andrum
392 2386 425 2450 iu
453 2389 578 2472 oppido
602 2391 735 2474 sepelit,
756 2410 853 2474 quem
876 2408 996 2472 magno
1024 2389 1155 2454 ululatu
1181 2387 1316 2456 Helene

229 2494 410 2568 prosecuto
423 2493 485 2564 est,
494 2489 653 2571 quoniam
670 2491 713 2555 ab
725 2511 767 2556 eo
778 2490 956 2556 honorilice
970 2495 1113 2554 tractata
1127 2489 1181 2553 sit.
1204 2486 1315 2566 Quom

155 2608 166 2629 ·
230 2583 380 2652 Priamus
393 2595 429 2652 et
450 2588 593 2655 Hecuba
606 2596 646 2655 ut
658 2590 763 2656 tiliam
779 2595 991 2675 aspexerunt,
1009 2595 1042 2655 et
1065 2589 1235 2675 diligenter
1256 2607 1316 2653 cu·

680 2800 857 2823 Omoueeue

262 2947 279 2994 i
294 2944 419 3010 Desinet
429 2960 488 2997 mox
498 2948 597 3015 clm,
607 2948 701 3014 Delplr.

720 3075 827 3126 NOTAE

261 3203 270 3234 ⁸
285 3201 625 3269 DWWMmlw]
647 3207 688 3257 Ex
698 3205 753 3256 llo·
793 3201 973 3267 attttrojsntr
988 3198 1118 3250 ononlnm
1131 3196 1227 3248 editum
1240 3204 1269 3248 nt
1280 3198 1318 3258 lug

231 3275 447 3336 mms‘dtbllll’
474 3276 754 3344 Semianimem·
794 3271 1317 3340 locumeoenaqnepeterent‚(ierroentnr

233 3349 251 3397 li
263 3355 289 3396 et
300 3348 432 3398 Phonteii
793 3354 923 3406 vulnerari
937 3367 987 3402 non
1000 3350 1128 3416 poterat,)
1143 3357 1170 3399 et
1182 3350 1230 3399 hoe
1242 3350 1317 3400 ruodo

265 3431 277 3456 ¹
292 3424 391 3486 stim*
401 3423 567 3491 prvfldtdtr]
591 3428 685 3479 Obiter
702 3444 755 3481 nro·
793 3431 897 3481 obiisse.
921 3426 974 3478 Alli
985 3439 1070 3476 rursus
1081 3439 1139 3475 eum
1151 3425 1197 3475 ribi
1208 3432 1318 3476 mortem

232 3496 332 3548 mim
351 3512 389 3561 θ’,
409 3499 502 3554 lector,
518 3501 627 3563 Scyrum
647 3505 755 3555 lnrntsm
793 3505 948 3558 eonmlrlrre
957 3500 1101 3563 offirmtum
1124 3512 1229 3566 qnorum
1241 3500 1318 3550 estin

230 3571 755 3629 medtsminterlioboemnetlaerlronollm
793 3594 899 3631 numero
910 3575 1071 3644 Sophocles!
1096 3573 1242 3639 Vidaapnd
1253 3574 1320 3626 Die·

232 3647 321 3700 inbre.
341 3648 417 3700 Unda
428 3650 615 3702 rnlmsdrertu
625 3654 755 3705 amenum
795 3665 849 3721 tyn,
861 3670 887 3705 v.

232 3723 377 3774 trbnlsruur
387 3724 755 3795 Geompttmmrmreu,
825 3738 842 3763 '
858 3725 1222 3793 emeramensi-i]
1240 3725 1319 3777 Aler-

231 3798 275 3850 ott
285 3799 380 3862 Scyrus
389 3799 488 3850 Enim
499 3803 614 3866 prosim·
625 3805 738 3868 ponitur.
794 3804 901 3854 andrum
916 3806 948 3854 ab
960 3804 1042 3868 Ajsoe
1052 3803 1164 3853 acetrum
1182 3801 1256 3863 dicit,
1273 3815 1319 3851 ne-

264 3881 276 3906 '
301 3872 398 3937 &dtis
423 3882 516 3926 erest·
540 3879 623 3929 stetin
641 3882 754 3948 nentur]
794 3881 920 3945 scioqnor
935 3886 1053 3929 suctores
1069 3882 1189 3926 secutam
1206 3875 1319 3925 armatii

232 3945 333 3998 Ami
349 3950 494 4012 ”masau
510 3951 535 4000 in
550 3953 682 4017 Sophoclis
695 3956 756 4021 Ajs·
794 3954 1006 4006 omnerrcrllmnt
1018 3967 1076 4005 sam
1094 3967 1109 4001 a
1126 3951 1270 4001 Philoctete
1281 3950 1320 3997 tn·

233 4036 289 4072 earo
309 4022 346 4072 tta
364 4023 467 4074 scribit:
491 4024 547 4074 ‘Da
565 4035 647 4079 morte
667 4029 755 4094 Aiacis
794 4029 931 4082 irriserunt
942 4028 1040 4079 solere:
1059 4028 1118 4077 ride
1131 4024 1198 4090 apud
1210 4022 1320 4086 Dletyn.

230 4096 333 4146 ΨΜ*
359 4096 428 4160 ⁸l’ud
455 4103 574 4149 suctores
600 4105 754 4155 sententia:
794 4106 954 4173 Solur,quud
964 4105 1053 4165 sclam,
1069 4099 1238 4167 Hephnrtion
1251 4096 1319 4148 utilr-

229 4173 273 4223 slil
285 4173 359 4223 aiunt
369 4186 385 4223 r
396 4173 492 4224 Paride
501 4174 661 4230 minoratum
672 4181 756 4232 veuls·
795 4189 857 4244 met,
866 4196 924 4232 enm
935 4178 1079 4229 alienates
1088 4178 1114 4227 in
1124 4173 1222 4225 temore
1232 4173 1319 4222 vulne·
1397 4216 1402 4225 .

231 4249 754 4314 reincutrsrusrrngulnededueutenr:
795 4264 877 4308 ratum
887 4256 1024 4307 interiisse.
