3144 4982
274 387 338 452 lor
624 401 782 449 ureuros
806 401 1012 451 caurensis

275 566 350 613 sum
372 542 552 610 exercitum
576 541 757 607 salubritas
771 542 931 627 vigorque
954 543 1075 609 solitus
1099 549 1277 612 renovatus
1302 557 1364 618 est

275 646 421 715 Mittitur
432 645 534 709 etiam
558 642 759 708 Philoctetes
785 644 968 710 Iemuum⁸
992 647 1101 729 portio
1124 649 1249 731 praedas
1276 650 1363 734 ejus,

268 734 375 832 uuam
393 745 508 811 Graeci
530 765 589 830 per
610 744 752 830 Ajacem
774 754 876 830 atque
891 746 1058 813 Achillem
1081 748 1258 814 advectam
1281 752 1365 816 iuter

272 869 310 915 se
331 847 455 913 uiritim
477 848 723 913 distribuerant.
772 848 852 930 [34]
875 847 1025 913 Ceterum
1050 848 1213 926 Achillea,
1240 871 1365 918 memor

272 948 404 1033 iujurioe
424 948 640 1033 supradictas,
665 948 900 1013 abstinendum
924 949 1063 1031 publico
1086 952 1228 1017 consilio
1251 953 1364 1020 decre·

271 1057 394 1126 vertet,5
410 1049 489 1114 odio
503 1050 647 1113 maxime
657 1049 930 1130 Agamemnonis,
939 1049 1134 1134 abolitoque
1143 1071 1255 1117 amore
1264 1075 1364 1138 quem

272 1154 362 1218 circa
375 1151 516 1217 Graecos
530 1151 701 1226 habuerat,
714 1148 845 1213 scilicet
859 1149 949 1232 quod
964 1137 1076 1213 eorum
1089 1152 1270 1232 patieutia⁸
1284 1166 1364 1239 post

271 1264 325 1319 tot
338 1253 500 1318 bellorum
514 1252 685 1328 victorias,
709 1269 749 1314 ec
773 1250 861 1313 facte
886 1250 997 1328 sorau,
1023 1251 1266 1335 Hippodamia,
1282 1276 1362 1322 cou-

272 1374 406 1420 cessum
436 1375 497 1438 pro
526 1354 695 1418 laboribus
724 1353 910 1435 praemium,
938 1372 998 1435 per
1028 1352 1181 1435 iujuriam
1211 1356 1360 1422 abducta

273 1462 372 1520 esset
418 1456 506 1520 Dein
520 1454 692 1518 venientes
706 1451 749 1516 ad
767 1472 804 1516 se
819 1451 923 1517 duces
936 1452 1030 1516 aditu
1046 1454 1229 1535 prohibere,
1255 1476 1362 1541 nequo

272 1559 427 1641 cuiquam
442 1556 621 1621 amicorum
638 1555 819 1636 ignoscere,
833 1555 892 1636 qui
905 1573 944 1618 se
961 1555 1123 1619 adversus
1141 1555 1363 1639 Agamemno·

111 1692 119 1702 ·
193 1744 196 1748 .
271 1657 326 1721 uis
342 1656 570 1732 contumelias,
583 1672 658 1718 cum
673 1654 848 1718 defendere
863 1654 987 1731 liceret,
1003 1656 1240 1722 deseruissent.
1267 1658 1362 1723 lutus

271 1759 372 1842 igitur
385 1778 535 1835 maneus,
557 1757 747 1822 Patroclum
763 1764 798 1821 et
812 1757 1019 1834 Phoenicem,
1044 1758 1130 1824 hunc
1150 1780 1277 1825 morum
1293 1779 1362 1825 ma-

272 1862 422 1942 gistrum,
438 1858 578 1924 alterurn
600 1857 772 1940 obsequiis
795 1859 972 1922 amicitia·
997 1870 1135 1937 carum,⁹
1157 1870 1190 1927 et
1216 1863 1361 1944 aurigam

271 1979 368 2023 suum
399 1954 701 2034 Automedontem,¹’
723 1975 838 2020 secum
866 1958 1038 2051 retinebat.
1082 1961 1165 2046 [aa]
1186 1962 1363 2028 Paridem

271 2065 401 2142 tempus
415 2058 505 2143 apud
529 2058 664 2140 TroJaur
679 2058 846 2123 exercitus
862 2061 1038 2139 sociorum,
1058 2064 1181 2145 quique
1206 2063 1361 2129 mercede

274 2163 430 2228 conducti
469 2161 653 2227 auxiliares
685 2159 802 2242 copias
830 2159 1046 2238 adduxerant,
1075 2154 1224 2246 tempore
1260 2165 1363 2229 multo

246 2262 396 2333 ,frustm
410 2263 501 2338 tritu,
515 2260 660 2326 taedioue
684 2279 725 2323 eu
750 2260 979 2326 recordatione
1001 2274 1162 2341 suorum,c
1185 2264 1364 2330 domuitio-

273 2380 348 2426 uem
362 2363 598 2447 occipiebaut.¹
631 2359 735 2437 Quod
750 2362 807 2424 nbi
823 2362 1057 2429 animadvertit
1071 2363 1210 2439 Hector,
1223 2374 1361 2431 coactus

272 2694 321 2740 -8
339 2689 433 2801 Delsb.
450 2688 563 2743 mnes,
581 2696 608 2739 et
624 2704 684 2739 ntor
703 2689 754 2749 eins
769 2693 914 2767 min-⁹
931 2690 1025 2768 Delpln
1043 2692 1189 2742 cursen-1
1208 2689 1240 2740 Iu
1255 2690 1321 2741 Mes.
1335 2698 1363 2740 et

272 2755 351 2818 vulgo
372 2751 507 2815 sebatur,
529 2757 630 2817 (ωροτε
648 2755 779 2814 srsstreto,
806 2756 929 2817 udsnone,
950 2757 1013 2815 odeo,
1040 2771 1070 2804 un
1092 2757 1251 2806 reeorddtisns
1270 2770 1364 2804 sem

272 2818 414 2868 hunnos
423 2816 574 2881 udpblsunt.
605 2816 637 2867 In
649 2819 700 2867 Mn.
711 2817 838 2879 Danielis,
855 2819 966 2934 Tenem
981 2820 1054 2869 meite
1067 2819 1163 2879 ΜΝ
1179 2820 1237 2870 trito
1251 2820 1365 2869 seditione

846 2898 907 2947 ειμι
964 2919 971 2933 .

272 2898 304 2932 un
313 2880 475 2932 recordatione
485 2895 577 2930 uerus
587 2884 649 2950 dorsi
664 2883 803 2933 seditionem
818 2899 846 2932 se
1005 2883 1037 2934 ln
1055 2884 1107 2934 llls.
1120 2885 1165 2934 slt.
1182 2890 1284 2947 tenpore
1295 2882 1364 2943 funs·

272 2947 333 2997 trsti
347 2952 396 2996 toto
406 2947 507 2996 editione
520 2960 552 2994 on
567 2962 588 2994 r.
606 2961 627 2996 s.
643 2948 706 2996 densi
716 2948 854 2999 seditionem
864 2948 1020 3013 weipiebrrnt.
1053 2949 1148 3012 Delplr.
1162 2961 1210 3011 pro
1220 2948 1362 3011 suipiebmrt

734 3202 738 3207 Ι
762 3124 867 3176 NOTAE

304 3262 315 3295 l
331 3253 501 3303 Abstinendum
511 3253 708 3315 pebiicoconsilis
718 3254 796 3304 decre·
867 3253 879 3287 '³
896 3248 1100 3313 Aetosnedontesn]
1117 3249 1204 3299 Dionis
1214 3248 1303 3299 tilium.

271 3326 350 3388 reret]
375 3326 482 3377 Homer.
507 3329 569 3377 obre
585 3331 637 3378 ee?
659 3329 691 3379 eb
709 3329 796 3391 Δγορὴν
867 3327 1006 3376 e'l'oedione
1024 3338 1057 3373 un
1077 3325 1237 3375 remunetione
1254 3329 1362 3392 morem]

271 3397 410 3449 antenero
420 3401 571 3465 κυδιάνειραν,
582 3403 645 3453 οὔτε
655 3404 708 3452 ποτ·
719 3404 743 3451 ir
753 3402 796 3450 rd-
835 3402 914 3452 'l'otns
925 3402 966 3452 bic
977 3402 1049 3451 locus
1061 3401 1153 3450 misera
1165 3400 1284 3452 tnrbstns
1295 3411 1363 3464 eret,

270 3474 344 3535 λιμόν
353 3491 391 3535 γε.
408 3479 519 3542 ‘Neque
529 3493 639 3544 uuquam
651 3480 683 3527 sd
695 3479 795 3528 concio·
835 3487 886 3527 tsm
897 3478 924 3527 iu
941 3477 1054 3542 vulgetis
1071 3492 1146 3542 quarn
1166 3476 1192 3526 iu
1210 3479 1315 3543 scriptis
1333 3480 1363 3527 li·

271 3564 330 3600 uem
347 3550 402 3600 ibat
418 3553 564 3614 gloriosam,
580 3554 673 3617 Neque
685 3567 794 3617 nuquam
834 3554 898 3603 bris.
934 3553 965 3604 In
991 3555 1042 3604 lllir
1062 3552 1198 3617 edebstur,
1218 3557 1227 3582 ‘
1245 3562 1361 3616 tempore

271 3626 297 3672 iu
309 3624 424 3675 bellunu’
834 3628 967 3686 frustrato,
979 3628 1117 3689 seditione,
1128 3628 1187 3678 odio
1198 3643 1231 3678 su
1242 3629 1362 3679 recorde-

302 3700 418 3749 ἘΜ
434 3700 563 3764 patientie]
588 3703 639 3752 Per
651 3718 738 3754 eorum
750 3720 794 3771 ps·
835 3705 905 3754 tione
927 3719 1029 3756 suorum
1052 3704 1147 3753 bellum
1174 3719 1225 3755 nou
1251 3706 1362 3769 occipie-

271 3774 396 3824 tieutlatu.
419 3775 494 3827 Quod
506 3777 574 3841 passi
585 3787 672 3828 essent
684 3793 740 3829 esur
750 3781 794 3830 ab·
835 3781 915 3831 bsut.'
948 3782 978 3831 lu
990 3781 1056 3831 libro
1068 3780 1201 3831 Danielis:
1217 3782 1361 3845 ‘Tempore

270 3849 361 3910 strubi,
373 3848 473 3899 abduci.
504 3850 574 3900 Cave
585 3860 669 3902 tumen
681 3855 728 3905 troc
739 3856 791 3906 iuri·
835 3858 917 3906 multo
937 3854 1033 3905 frustrs
1051 3857 1113 3906 trito
1131 3855 1257 3907 seditione
1274 3872 1306 3906 sn
1324 3873 1362 3906 re·

271 3925 340 3973 teris.
833 3931 1098 3981 cordationesuorum
1118 3931 1188 3982 donni
1208 3932 1361 3982 seditionem

301 3999 440 4048 *ΑΒΜ
458 3999 572 4064 obsequia
590 4003 713 4066 mnieitie]
734 4004 795 4054 Nou
834 4005 1013 4069 accipiebant!
1055 4007 1191 4072 liquibus
1209 4008 1362 4057 concinnari

270 4076 351 4125 solum
364 4085 470 4139 propter
481 4076 604 4140 obsequio
612 4080 740 4131 nmicitiae.
749 4080 793 4128 sed
833 4081 969 4130 lectionem
978 4095 1052 4145 qustn
1062 4082 1143 4132 editio
1154 4082 1210 4132 hac
1220 4097 1360 4146 represen-

270 4153 724 4217 etianrproptorconsanguinitatem.
742 4155 793 4205 Sed
834 4166 882 4207 tst.
904 4160 1098 4224 Corrumpeudo
1110 4160 1168 4209 loco
1178 4158 1229 4208 duo
1242 4159 1360 4208 fuerunt:

271 4230 303 4279 dc
313 4244 344 4279 eo
356 4243 441 4293 surpra.
519 4288 525 4297 ¹
834 4235 941 4297 primurn
959 4236 1026 4299 qtrod
1047 4248 1098 4284 non
1110 4234 1248 4298 sarriebant
1261 4234 1360 4295 elegan-
