3010 4978
255 422 299 501 74
691 437 779 487 nun.
801 436 913 507 surus

258 589 341 653 alter
361 586 456 650 silice
475 583 588 668 (quem
603 587 778 652 sumebant
800 606 844 653 ex
859 586 933 653 aede
952 586 1051 652 lovis
1067 586 1217 663 Feretrii.
1258 586 1340 657 Vel.

257 687 397 753 Maxim.
413 702 468 749 ιιι.
482 684 532 768 2.)
555 686 766 765 interimebat
779 687 902 753 animal
914 707 924 770 3
946 687 1031 750 inter
1045 686 1125 750 alia'
1135 694 1171 751 et
1190 686 1266 752 haro
1280 709 1341 753 ex·

255 784 427 850 clamuus':
450 778 626 870 ‘Populus
641 786 815 853 Romnum
830 789 921 873 prior
932 806 999 851 non
1014 785 1153 852 deliciet
1197 788 1235 852 si
1249 790 1342 872 prior

251 878 393 962 defecit,
408 887 546 969 publico
574 886 731 965 consilio,
761 887 840 952 dolo
863 890 964 964 malo,
977 891 1012 950 tu
1033 886 1092 953 illo
1108 887 1174 965 die,
1197 887 1342 972 Jupiter,

254 987 418 1071 populum
447 986 634 1052 Romanum
656 989 706 1052 sic
726 987 837 1066 serito,
862 994 898 1051 ut
918 1006 980 1068 ego
1006 986 1093 1051 hunc
1122 1007 1259 1071 porcum
1285 991 1341 1055 hic

254 1087 353 1151 hodie
366 1087 504 1168 leriam3
526 1093 686 1171 tantoque
709 1088 817 1170 magis
838 1087 948 1163 serito,
970 1091 1096 1169 quanto
1113 1088 1220 1170 magis
1244 1093 1341 1170 potes

255 1186 452 1270 pellesque?
494 1187 569 1251 Liv.
585 1204 611 1250 1.
624 1187 680 1251 24.
701 1193 736 1252 et
751 1190 852 1251 ιιι.5.
895 1184 1006 1265 Quem
1021 1192 1167 1250 veterum
1184 1186 1340 1252 Foerleris

254 1288 395 1353 feriendi
422 1288 648 1364 acrimoniam,
678 1286 736 1351 (liu
764 1288 960 1370 neglectam,
982 1287 1016 1352 in
1045 1305 1141 1351 usum
1170 1288 1342 1352 revocavit

255 1398 337 1481 imp.
353 1394 525 1460 Claudius.
541 1391 874 1461 Sueton.01aad.26.

299 1497 378 1561 Ηοο
389 1514 468 1559 vero
483 1496 568 1559 inter
583 1494 735 1560 Feciales
751 1501 892 1578 peracto
910 1495 1089 1572 sacrificio,
1099 1514 1158 1559 sos
1171 1495 1226 1560 ille
1240 1497 1295 1561 vel
1307 1497 1341 1561 in

255 1617 347 1662 mare
368 1597 421 1661 vel
443 1595 524 1659 alibi
546 1586 786 1678 abjiciebatur:
808 1596 934 1678 quippo
955 1596 1048 1660 vesci
1071 1595 1221 1674 victima,
1242 1616 1342 1680 super

257 1716 325 1781 qua
349 1696 579 1781 jusjurandum
602 1700 813 1779 conceptum,
840 1695 995 1777 religiose
1020 1694 1169 1758 vetitum.
1213 1695 1342 1760 Pausa·

257 1798 344 1878 nias,
359 1796 465 1861 Eliac.
479 1796 579 1881 prior.
593 1796 647 1860 24.
661 1794 719 1859 ubi
732 1795 773 1858 de
787 1793 1054 1875 Agamemnone3
1077 1811 1121 1855 ex
1138 1792 1242 1856 Hom.
1258 1795 1299 1858 ΙΙ.
1313 1822 1342 1859 τ.

262 1895 429 1962 Videatur
443 1896 561 1961 Everla
578 1894 739 1972 Feithios,
756 1892 868 1977 Autiq.
883 1892 1092 1958 Homericar.
1107 1907 1158 1953 ιν.
1173 1893 1226 1959 17.

299 1997 466 2062 Nummus
485 1997 540 2062 hic
554 1995 713 2060 Antistia
734 1995 841 2077 gentis
865 1999 1035 2078 spectatur
1058 1994 1142 2057 inter
1155 1990 1344 2060 Wildianos

260 2099 381 2164 Select.
396 2098 472 2164 124.
497 2097 599 2162 Num.
621 2115 720 2178 quem
745 2104 866 2173 mmen,
881 2100 1038 2177 respectu
1060 2093 1341 2173 vestimentorum,

257 2199 442 2264 accuratius
456 2197 608 2280 depinxit
626 2203 661 2262 at
674 2197 710 2263 in
732 2194 933 2280 speciminis
945 2193 980 2258 8.
993 2193 1079 2258 Tab.
1093 2192 1253 2277 produxit
1266 2194 1342 2259 Μο-

257 2297 380 2360 rellios.

300 2393 453 2476 Denique
465 2413 507 2458 eo
521 2391 969 2474 haecVirg.v111.AEn.689.
983 2394 1114 2475 egregie
1123 2394 1339 2459 illustrantur:

385 2493 472 2557 Post
486 2492 585 2569 idem,
601 2493 688 2556 inter
703 2511 740 2557 se
754 2493 867 2577 posito
881 2493 1073 2571 cermndne,
1088 2513 1180 2576 reges

385 2589 515 2655 Armati
529 2590 553 2656 J
555 2592 628 2656 oris
642 2598 718 2658 aute
732 2610 834 2671 aram,
848 2600 1052 2677 paterasque
1067 2599 1215 2658 tenentes
1339 2644 1347 2655 .

384 2691 537 2769 Stabant,
552 2697 587 2756 et
600 2711 693 2757 crosa
702 2693 887 2777 jungebant
898 2692 1029 2759 'foedera
1042 2713 1158 2778 porca.

258 2795 399 2861 Necnon
414 2812 488 2875 quar
502 2790 591 2856 idem
604 2791 713 2870 habet,
727 2807 798 2856 xrr.
819 2793 897 2857 AEn.
914 2795 988 2859 170.

605 3051 677 3118 xl.
721 3050 995 3118 IPHIGENIA.

633 3212 712 3276 lrrn.
728 3229 753 3275 ι.
775 3210 864 3277 Car.
879 3214 932 3277 21.

258 3353 452 3436 ‘Virginem
468 3353 609 3439 Ulysses
623 3361 659 3418 et
672 3355 850 3420 Menelaus
865 3336 941 3420 com
953 3355 1131 3424 Calchante
1143 3357 1284 3444 (quibus
1305 3353 1343 3418 id

298 3454 467 3534 negotium
488 3454 602 3519 datum
624 3451 724 3537 erat)
744 3454 880 3519 remotis
901 3458 1018 3539 procul
1040 3458 1208 3534 omnibns,
1239 3456 1342 3521 sacri·

303 3550 382 3616 licio
393 3551 590 3617 adornavit?

299 3664 513 3744 Insinuare,
524 3666 784 3750 Agamemnonis
798 3679 833 3738 et
849 3674 1132 3758 Clytaemnestrre3
1156 3672 1197 3737 de
1212 3693 1281 3756 qua
1292 3673 1341 3737 la·

255 3764 344 3832 bula
359 3765 531 3848 plurimum
544 3767 784 3851 discrepantes.
827 3772 912 3837 Cura
924 3779 1020 3855 pater
1032 3773 1066 3836 in
1080 3773 1204 3838 Aulide
1218 3774 1341 3838 Dianae

258 3882 389 3931 sacrum
403 3884 534 3931 cervum
557 3868 747 3952 imprudens
768 3873 959 3951 occidisset,
973 3873 1145 3956 indignata
1159 3874 1246 3951 Dea,
1262 3880 1346 3936 tem·

256 3972 386 4050 pestate
411 3966 592 4043 concitata,
621 3967 812 4045 Groecomru
835 3974 867 4036 in
892 3969 1008 4036 Asiam
1033 3974 1208 4059 trajectum
1233 3991 1343 4037 mora·

255 4069 364 4131 batur.
405 4062 484 4143 Qua
496 4063 653 4131 decanea
666 4087 743 4134 cnm
755 4079 852 4136 vates
867 4072 1128 4151 consulerentur,
1142 4091 1341 4157 responsum

256 4166 411 4249 sanguiue
431 4163 695 4251 Agamemnonio
716 4172 862 4240 Dianam
891 4194 967 4241 ease
994 4172 1204 4258 placandam.
1248 4172 1338 4283 llrgo
