3010 4978
287 400 331 466 20
469 414 546 464 rac.
571 409 797 459 rnnrzourus
821 405 968 457 cunrsr.
991 407 1190 456 cunerem.

287 576 360 635 nos,
376 554 590 635 Bongursios,
611 550 795 627 Boecleros‚
810 548 1000 626 Reinesios,
1019 554 1052 613 et
1072 549 1184 631 plures
1200 545 1234 610 id
1257 564 1369 629 genus,

289 657 347 738 qni
359 654 438 718 nihil
452 653 587 738 publice
603 651 811 735 profuturum
832 652 1054 733 negligebant,
1066 649 1139 712 sive
1160 667 1204 712 ex
1226 647 1370 711 vetustis

287 756 323 820 id
338 753 557 831 Auctoribus,
572 772 659 837 qnos
675 752 849 835 diligenter
867 751 1024 832 legebant
1038 751 1116 833 ipsi,
1131 756 1163 814 et
1173 750 1249 814 aliis
1264 750 1370 830 magis

287 855 487 936 explanatos
506 854 642 930 dabant,
663 852 890 936 repetendum,
904 853 976 916 sive
998 866 1043 914 e'x
1067 870 1174 916 rerum
1193 857 1313 914 natura
1339 852 1373 911 et

287 974 352 1018 usu
368 953 559 1038 quotidiano
574 968 663 1019 nunc
678 954 811 1018 demum
826 952 1008 1043 eruendum
1029 954 1122 1016 foret.
1167 949 1217 1015 At
1238 970 1260 1013 o
1274 968 1372 1033 quam

289 1054 440 1138 dispares
458 1055 515 1119 illa
527 1074 612 1119 nunc
637 1054 764 1137 passim
789 1073 851 1118 seu
875 1053 1040 1117 Dominos
1053 1052 1153 1116 babet
1167 1071 1226 1115 seu
1241 1049 1373 1133 inquili-

289 1173 350 1218 nos
360 1156 368 1219 l
379 1156 437 1238 qui
452 1155 494 1221 ab
503 1153 723 1239 Antiquitatis
736 1153 870 1230 studiis,
885 1172 945 1235 per
956 1172 1032 1235 quae
1045 1153 1129 1229 sols,
1145 1150 1373 1234 superioribus

289 1254 425 1318 saeculis
449 1254 566 1319 iterum
580 1259 709 1330 exorta,
725 1253 941 1317 certissimum
957 1260 1009 1316 est
1030 1272 1074 1315 ex
1089 1252 1230 1333 caligine
1246 1249 1374 1314 densis-

291 1353 378 1416 sima
403 1372 517 1417 omnes
538 1353 639 1416 etiam
670 1370 785 1417 sacras
807 1352 1028 1446 profanasque
1057 1350 1252 1435 disciplinas
1273 1366 1375 1413 emer·

290 1453 375 1516 sisse
389 1454 543 1517 continuo
555 1454 591 1515 in
606 1453 850 1516 serenissimam
863 1452 985 1528 lucem,
1001 1458 1276 1516 revocantlaruen
1287 1447 1377 1512 Aca·

291 1551 455 1615 demicum
471 1552 595 1634 pubem
621 1552 663 1614 ad
687 1571 786 1615 unum
807 1553 944 1623 illudet
958 1552 1220 1615 recentissimum
1236 1550 1377 1615 Germa·

291 1651 356 1713 niae
365 1651 422 1734 jus
435 1651 618 1732 publicum,
632 1652 696 1714 boc
711 1655 763 1715 est
778 1650 823 1716 ad
850 1670 975 1715 meram
994 1651 1198 1723 Barbariem,
1214 1650 1242 1712 si
1266 1649 1376 1713 solum

292 1747 486 1813 Academiis
501 1750 646 1826 incubet,
659 1768 720 1813 nec
741 1750 828 1813 scire
843 1751 1021 1832 quicquam
1042 1747 1144 1820 aliud,
1160 1749 1223 1812 nisi
1250 1751 1379 1810 suaset

292 1850 345 1912 sui
361 1851 522 1933 temporis
544 1869 598 1913 res
612 1848 789 1926 desideret,
805 1848 896 1932 quod
918 1848 1092 1912 Barbariei
1115 1848 1285 1929 proprium
1311 1853 1378 1923 est,
1432 1850 1436 1855 ’

292 1962 327 2019 et
343 1971 474 2034 semper
496 1952 569 2015 fuit.
613 1950 793 2031 Ceteroqui
813 1949 1007 2030 neutiquam
1032 1954 1120 2011 certe
1142 1966 1204 2028 ego
1218 1947 1330 2022 velim,
1347 1946 1379 2010 si

292 2056 359 2118 mei
381 2072 434 2116 res
459 2058 548 2116 esset
569 2049 709 2125 arbitrii,
735 2049 963 2114 adolescentes
987 2047 1069 2110 nihil
1094 2065 1217 2120 eorum,
1242 2063 1319 2127 quse
1342 2045 1379 2106 in

293 2174 357 2218 usu
371 2172 457 2217 nnnc
471 2151 643 2227 habentur,
664 2166 873 2230 cognoscere,
888 2154 945 2210 sut
957 2166 1018 2209 sua
1034 2146 1069 2208 in
1081 2147 1191 2227 petria
1206 2164 1281 2208 esse
1302 2143 1380 2208 hos·

293 2257 394 2337 pites,
407 2273 448 2317 ac
463 2251 610 2333 publicas
631 2251 680 2313 rei
698 2247 806 2324 rudes,
828 2246 888 2311 sed
910 2252 1084 2326 utrumque
1105 2265 1213 2327 agere,
1227 2246 1378 2309 laborum

294 2353 402 2414 facere
418 2348 554 2430 gradus,
564 2346 656 2409 aliud
671 2348 707 2407 in
722 2345 916 2407 Academiis
929 2362 1043 2406 curare
1056 2343 1378 2427 potissimum,'aliud
1489 2352 1491 2367 ⁴

294 2447 429 2527 ubijam
443 2447 486 2508 iis
500 2443 623 2505 relictis
639 2441 682 2503 sd
704 2460 755 2502 res
772 2439 934 2520 gerendas
949 2442 1122 2506 accedunt.
1166 2443 1237 2507 Hic
1260 2462 1324 2507 non
1338 2458 1380 2504 ce

295 2545 427 2629 quidem
441 2542 561 2607 nostris
575 2541 609 2603 in
624 2539 735 2603 fundis
750 2540 905 2603 atrociter
916 2539 1001 2604 adeo
1016 2548 1184 2623 grassatur
1198 2544 1380 2617 calamitas,

229 2684 233 2702 ,
294 2643 352 2708 sed
367 2642 472 2707 nihilo
486 2650 593 2707 tamen
607 2640 717 2703 minus
731 2640 901 2722 pestilenti
915 2640 1023 2705 sidere
1036 2643 1157 2724 partim
1174 2644 1288 2708 mollis
1301 2644 1381 2707 edu·

296 2744 398 2821 catio,
413 2749 447 2806 et
457 2742 568 2825 segnis
582 2741 723 2817 luxuria,
734 2742 855 2825 partim
874 2741 960 2805 acris
979 2743 1092 2819 factio,
1103 2762 1179 2824 qnae
1193 2747 1310 2808 omnia
1323 2744 1381 2808 do·

294 2852 351 2910 nat
363 2845 481 2908 studiis
496 2844 648 2927 partium,
664 2849 701 2907 nt
715 2842 889 2921 doctrinae,
911 2843 1092 2920 industries,
1119 2844 1242 2924 ingenii
1259 2843 1381 2908 moritis

295 2943 475 3009 nihilfecit
494 2944 624 3026 reliqui,
641 2942 767 3008 afflavit
781 2945 887 3008 bonas
901 2949 999 3019 artes,
1015 2952 1050 3007 et
1063 2944 1227 3026 extinguit
1246 2945 1381 3026 penitus
1397 2978 1401 2983 -

296 3045 429 3127 ingenia
445 3044 617 3126 juvenum,
630 3044 688 3126 qui
704 3043 747 3107 ad
761 3045 806 3107 rei
822 3044 965 3125 publicae
982 3062 1096 3108 curam
1111 3049 1146 3107 et
1159 3043 1279 3110 futurae
1300 3049 1381 3107 aeta·

297 3149 342 3211 tis
357 3145 460 3210 decus
475 3162 606 3226 surgere
621 3160 661 3207 sc
683 3144 802 3209 instrui
821 3142 998 3207 debebant.
1042 3143 1110 3208 Sed
1136 3143 1380 3228 quantomagis

297 3246 408 3310 omnia
421 3262 510 3306 nuuc
525 3249 611 3306 retro
626 3247 731 3312 ruunt,
751 3247 873 3324 quanto
887 3243 994 3325 magis
1008 3243 1131 3308 exilem
1146 3245 1324 3328 redigimur
1345 3244 1380 3306 in

297 3361 479 3417 numerum,
506 3349 602 3405 tauto
626 3342 761 3424 astringi
783 3343 922 3419 arctius,
950 3344 1168 3428 sanctiusque
1192 3344 1259 3409 coli
1283 3345 1381 3407 decet

295 3438 571 3505 necessitudinem
584 3438 688 3517 illam,
704 3460 781 3521 qum
797 3441 903 3505 semel
925 3443 1008 3507 inter
1027 3462 1157 3526 paucos
1171 3445 1246 3508 illos
1261 3461 1380 3505 eorun-

297 3539 375 3603 dem
396 3556 565 3602 sacrorum
580 3538 747 3603 antistites
770 3548 822 3606 est
847 3541 1042 3605 constituta
1086 3542 1170 3606 Tuae
1193 3542 1228 3602 in
1249 3557 1302 3602 me
1324 3559 1381 3603 vo·

297 3639 442 3713 luntatis,
458 3639 628 3720 mutuique
651 3638 736 3703 inter
763 3658 822 3703 nos
848 3640 969 3703 amoris
997 3646 1241 3703 monumentum
1266 3646 1379 3704 extare

298 3739 470 3823 publicum
484 3737 621 3803 voluisti
635 3738 734 3820 prior.
779 3738 895 3801 Meum
917 3744 968 3801 est
982 3745 1077 3803 tanto
1100 3738 1284 3804 studiosius
1306 3740 1379 3803 istie

298 3840 455 3904 amicitiae
482 3837 603 3902 officiis
621 3837 828 3920 respondere,
854 3842 888 3901 et
912 3856 988 3901 cum
1012 3838 1158 3902 maxime
1181 3858 1304 3915 curare,
1327 3855 1379 3911 ne,

299 3940 433 4004 sublato
456 3957 559 4021 nuper
573 3958 593 4001 e
609 3939 696 4003 viris
711 3957 838 4000 summo
855 3939 901 4001 rei
915 3939 1075 4003 literariae
1088 3940 1190 4018 malo,
1202 3928 1287 4005 Viro
1298 3936 1378 4000 Am·

299 4039 462 4125 plissimo,
485 4038 583 4102 Fred.
610 4037 734 4102 Bened.
761 4037 960 4121 (lamponio,
984 4042 1156 4124 praecipuo
1180 4033 1378 4106 Commeroii

245 4136 256 4149 '
299 4140 404 4206 nostri
413 4138 635 4206 Conciliatore
644 4145 677 4202 ct
690 4138 884 4221 Interprete,
899 4138 989 4203 illius
1003 4159 1083 4205 usus
1096 4160 1184 4205 nunc
1199 4140 1377 4241 epolescab
