3144 4982
310 415 377 485 lua
660 420 822 475 nrorros
845 426 1052 476 nnnrnusrs

312 579 366 642 his
382 573 468 639 locis
484 570 683 655 imperitare,
699 570 825 635 fiducia
850 571 1077 652 cognationist
1097 570 1141 636 ad
1165 590 1239 636 enm
1256 562 1413 655 venihn'tss.

312 678 408 758 eique
424 674 559 756 quinam
574 677 693 747 essent,
715 677 749 734 et
763 670 960 754 quibuscum
983 673 1206 754 navigassent,
1230 692 1403 756 aperuere.

313 775 421 840 Dein²
442 774 548 838 multa
574 773 718 836 invicem
742 780 917 837 consumta
943 775 1106 852 oratione,
1129 775 1173 839 ad
1199 782 1403 857 postremum

310 876 412 940 nostri
427 877 541 940 acrius
556 876 721 950 incusare,
742 873 833 958 quod
853 882 926 957 ¹tum
952 875 1118 940 hostiliter
1132 875 1306 939 adversum
1324 896 1404 941 snos

309 985 510 1041 versaretur.
554 974 834 1054 Agamemnonem
848 994 991 1059 namque
1007 985 1039 1040 et
1055 976 1246 1040 Menelaum
1264 976 1403 1059 Pelopi·

313 1079 385 1155 das,
401 1098 464 1141 non
481 1078 608 1141 alienos
623 1077 777 1157 generisn
799 1075 864 1151 sui,
887 1095 962 1139 eum
983 1077 1166 1139 exercitum
1184 1078 1404 1143 contraxisse.

313 1179 403 1243 Dein
419 1199 494 1261 quae
515 1179 603 1241 eirca
624 1177 756 1265 domum
774 1174 918 1238 Menelai
941 1176 985 1238 ab
1003 1175 1197 1241 Alexandro
1221 1179 1404 1244 commissa

312 1287 436 1357 essent,
451 1285 649 1361 raptumque
667 1277 808 1340 Helenes
824 1275 965 1340 docent:
988 1278 1031 1340 ob
1046 1287 1145 1359 quae³
1169 1278 1290 1341 decere
1310 1299 1401 1357 eom,

312 1401 388 1445 oum
407 1385 540 1463 propter
554 1378 883 1459 consanguinitatem,
897 1384 967 1440 tum
982 1379 1152 1460 praeoipue
1166 1380 1210 1442 ob
1226 1378 1338 1442 scelus
1353 1380 1403 1441 vi-

313 1484 394 1547 oleti
410 1481 594 1546 communis
614 1478 763 1561 hospitii,
779 1477 913 1541 Graecis
934 1478 1020 1541 ultro
1041 1480 1153 1542 serre4
1173 1479 1346 1556 auxilium,
1369 1481 1403 1542 in

312 1602 448 1665 quorum
471 1582 608 1663 gratiam
621 1587 635 1613 l
657 1580 766 1662 ipsius
781 1580 878 1642 etiam
895 1578 1056 1643 Herculis
1082 1581 1226 1663 plurima
1250 1580 1402 1643 labomm

312 1690 527 1749 monomenta
541 1702 599 1764 per
621 1686 724 1745 totam
741 1678 909 1744 Graeciam
932 1679 1137 1745 existerent.⁵
1182 1679 1236 1744 Ad
1253 1698 1295 1742 ea
1308 1680 1405 1744 Tele·

313 1786 422 1870 phos:
443 1785 507 1848 etsi
521 1783 634 1847 dolore
651 1781 793 1845 vulneris
807 1780 983 1844 immodice
1006 1780 1239 1858 afflictabatur,
1262 1783 1403 1861 benigne

311 1895 425 1950 tamen
440 1883 657 1966 respondens,
671 1884 818 1964 ipsomm
834 1883 948 1965 potius
971 1883 1020 1946 ait
1042 1884 1142 1966 culpa
1157 1884 1294 1959 factum,
1310 1881 1402 1964 quod

313 1987 545 2061 amicissimos,
565 1992 599 2047 et
620 1966 754 2067 junctos
774 1983 841 2046 sihi
867 1984 999 2062 generis
1022 1983 1192 2061 affinitate,
1214 2002 1315 2066 regno
1339 2002 1404 2046 suo

314 2088 474 2169 appulsos
489 2085 710 2165 ignoraverit:
723 2082 970 2165 praemittendos
984 2084 1106 2146 etenim
1120 2084 1238 2162 tuisse,
1248 2104 1307 2166 per
1318 2103 1404 2165 quos

314 2190 449 2269 cognito
465 2205 576 2250 eornm
591 2185 734 2249 adventu
751 2183 885 2247 obviam
901 2184 949 2245 ire
970 2184 1190 2262 gratulantem
1207 2185 1406 2267 oportuerit:

314 2295 417 2368 atque
438 2288 553 2349 'amice
582 2286 729 2366 hospitio
755 2290 921 2365 receptos,
951 2285 1161 2367 donatusque
1185 2287 1407 2362 muneribus,'

314 2402 392 2448 oum
419 2385 631 2449 commodum
655 2384 740 2465 ipsis
756 2384 937 2461 videretur,
955 2387 1131 2450 remittere.
1177 2383 1330 2447 Ceterum
1346 2388 1409 2447 mi-

312 2485 417 2548 litiam
433 2486 602 2548 Priamum
616 2485 657 2548 ad
663 2493 806 2548 versum¹
820 2505 973 2550 recusare
984 2507 993 2550 ε
1006 2484 1214 2568 Astyochen⁶
1229 2485 1314 2547 enim
1333 2484 1407 2547 Pri-

314 2586 432 2661 umi,⁷y
449 2586 514 2648 sibi
529 2586 737 2649 matrimonio
749 2588 913 2669 junctam,
922 2607 967 2651 ex
979 2606 1047 2670 qua
1062 2584 1251 2670 Eurypylus
1263 2585 1407 2666 genitus,

762 2764 948 2788 Oomeeneu

314 2899 413 2958 gra-t
432 2894 525 2957 Delph.
544 2895 695 2954 uisura-5
719 2895 816 2960 Delph.
834 2897 994 2946 eritne-u
1012 2895 1111 2958 Delph.
1129 2893 1327 2981 Astyrum-t
1344 2893 1408 2942 Post

811 3071 921 3124 NOTAE

346 3187 474 3235 ‘Fiducia
494 3187 654 3252 cognationis]
681 3189 749 3239 Nam
768 3188 841 3238 Tele·
881 3185 1022 3237 Herculem
1034 3183 1093 3232 olim
1104 3182 1180 3230 ltiom
1189 3179 1329 3242 obsedisse,
1342 3179 1408 3229 Lao·

314 3261 379 3322 phur
396 3275 483 3309 eornm
502 3268 559 3309 erat
578 3265 728 3321 avunculus,
748 3277 840 3328 nempe
880 3254 1028 3311 medentem
1041 3255 1218 3306 interfectore?
1234 3255 1282 3303 &a

313 3333 630 3397 fraterThessrtt,eoruru
644 3337 733 3400 patris.
912 3344 928 3368 '¹
945 3336 1097 3396 Donutmque
1108 3329 1253 3392 mauu]
1268 3329 1334 3380 Qun
1350 3328 1408 3378 ideo

346 3415 358 3439 ¹
376 3408 432 3455 Non
442 3410 531 3457 etiem
545 3411 651 3473 gereris]
671 3413 736 3461 Nam
747 3413 840 3461 Tanta·
880 3403 1408 3472 >reaiadicebantur-‚quodomniumHoe-

313 3481 355 3529 lus
370 3481 476 3545 Pelopis
493 3499 595 3547 parens,
609 3485 683 3536 ,lovis
699 3484 766 3533 filim
781 3484 843 3547 fun,
879 3486 986 3550 pitibor,
996 3482 1150 3550 qniGroecir
1161 3484 1169 3510 ⁴
1179 3477 1280 3531 Χουσὶ)

314 3562 342 3604 et
359 3557 395 3603 ite
413 3555 493 3606 frater
505 3558 687 3623 florentinum
698 3559 840 3623 Telephum
910 3568 923 3594 ¹
940 3561 1067 3611 Priame»
1084 3556 1220 3617 murrum]
1237 3556 1301 3615 Pro,
1319 3555 1408 3603 adrer-

314 3631 439 3695 ruroeptt.
473 3631 840 3698 lgitanelopret‘relephur
878 3648 933 3685 snm
953 3637 1099 3686 Priamum:
1116 3633 1153 3680 ric
1172 3644 1259 3694 snpra,
1273 3630 1408 3695 ‘quarad-

313 3707 469 3758 eourobrini.
485 3708 663 3773 Agamemnon
672 3726 733 3762 reru
744 3719 771 3761 et
783 3713 841 3761 Me·
881 3709 1001 3773 uersum,'
1018 3723 1063 3773 pro
1080 3706 1236 3755 ‘adversum
1248 3707 1331 3771 quor!

313 3783 403 3831 uetans
435 3782 579 3834 Plisthenis
608 3784 665 3851 filii,
695 3787 841 3838 Plisthenes
912 3783 1073 3847 raugam
1095 3780 1157 3831 minu
1180 3780 1288 3844 Prieni]
1319 3781 1410 3830 Filiam

313 3857 399 3919 Atrei,
410 3857 504 3907 Atreus
515 3859 628 3923 Pelopis.
775 3892 780 3901 -
881 3860 990 3909 seilicet.
1024 3856 1061 3907 At
1069 3856 1176 3920 Telephi
1187 3856 1292 3921 quidem
1303 3869 1409 3905 uxorem

345 3940 357 3965 ¹
376 3933 404 3981 lu
416 3948 514 3996 pamm
522 3937 640 4000 mutam]
659 3937 704 3988 Ait
717 3939 841 4003 plurimos
881 3933 1030 3999 Astyocheu
1042 3942 1121 3984 vocat
1140 3933 1261 3985 Eorum.
1275 3932 1302 3981 iu
1313 3931 1410 3996 Odyrs.

312 4003 840 4073 laboreringratirmGroeoorumabller·
879 4019 907 4061 Λ.
938 4012 990 4061 Sed
1002 4026 1059 4061 earu
1072 4011 1171 4061 Priami
1182 4023 1306 4071 sororem,
1318 4023 1369 4059 uon
1380 4006 1409 4056 n·

313 4083 841 4152 colueruntlrtos,utsbexemplopntrir
880 4087 1023 4138 ltamrlioit.
1051 4088 1268 4138 Aliirerioseam
1280 4084 1410 4134 hodieeu

313 4174 370 4208 eum
383 4161 519 4212 iumilitiae
537 4164 688 4215 societatem
707 4165 841 4229 pertrahe·
881 4169 985 4224 uocant,
1009 4178 1085 4228 quem
1109 4161 1206 4211 Priami
1227 4159 1306 4209 hlium
1327 4157 1410 4205 tuisse

314 4246 363 4288 ret.
390 4236 441 4288 Sed
453 4254 499 4290 eor
510 4254 560 4290 uon
574 4240 657 4304 potior
669 4240 730 4304 lrtu,
740 4238 840 4290 scilieet
880 4253 969 4291 omnes
980 4238 1152 4290 consentiunt.
