3196 4976
491 431 539 480 ns
563 432 682 480 nscio
705 430 880 478 uaesano
905 430 976 478 urs.
1001 433 1051 480 ru.
1242 414 1307 482 223

218 579 288 650 tus,
300 578 333 636 et
342 572 485 637 clamore
496 571 624 654 lugubri
633 571 738 641 Troili
751 590 868 635 casum
881 573 1105 637 miserandum
1120 573 1154 636 in
1169 573 1305 638 modum

219 673 355 749 deflent,
370 674 532 737 recordati
547 678 679 737 aetatem
695 672 767 753 ejus
781 671 960 736 admodum
977 674 1224 738 immaturam·
1246 676 1304 758 qui

219 773 255 836 in
270 773 384 857 primis
399 773 551 856 pueritie
566 773 674 848 annis,
691 790 765 835 cum
779 772 978 837 verecundia
992 792 1033 837 ac
1048 776 1221 856 probitate,
1236 778 1303 838 turn

218 874 392 957 praecipue
407 873 515 937 forma
528 872 677 954 corporis
691 871 853 947 amabilis,
875 877 973 955 atque
992 881 1149 956 acceptus
1164 876 1304 957 popula·

217 972 313 1038 ribus
327 974 549 1039 adolescebat.
591 972 672 1057 [ln]
696 972 781 1036 Dein
795 974 971 1038 transactis
987 976 1103 1056 paucis
1119 975 1234 1040 diebus
1249 995 1304 1041 so·

218 1073 314 1138 leuno
327 1074 515 1160 Thymbraei
532 1073 698 1158 Apollinis
719 1075 869 1150 incessit,
883 1080 917 1137 et
931 1074 1063 1158 requies
1084 1076 1227 1140 bellandi
1236 1092 1303 1160 per

219 1173 371 1240 inducias
386 1177 577 1259 interposita
589 1170 600 1240 τ’
619 1182 688 1239 tum
704 1182 846 1257 utroque
861 1177 1007 1240 exercitu
1027 1178 1191 1241 sacrificio
1206 1178 1304 1242 insis-
1400 1192 1404 1197 ’

216 1279 315 1350 tenta,
338 1276 489 1340 Priamus
503 1285 633 1358 tempus
647 1282 777 1352 nactus,
793 1275 947 1340 ldaeum·
966 1277 1008 1342 ad
1026 1278 1188 1342 Achillem
1200 1298 1302 1362 super

216 1372 393 1460 Polyxena
408 1375 661 1441 commendatis
676 1375 784 1439 mittit
827 1375 895 1440 Sed
918 1378 975 1440 nbi
998 1378 1149 1443 Achilles
1172 1380 1206 1442 in
1224 1380 1301 1445 luco

216 1495 258 1540 ee
278 1495 355 1558 quse
371 1476 502 1558 perlata
522 1485 618 1541 erant
639 1477 682 1538 ab
708 1474 823 1541 ldaeo¹
849 1481 1026 1560 separatim
1043 1479 1085 1542 ab
1101 1479 1176 1543 aliis
1190 1499 1300 1563 recog-

215 1578 337 1654 noscit,
356 1577 490 1659 cognita
504 1597 539 1641 re
552 1576 643 1660 apud
658 1591 760 1640 naves
771 1576 918 1658 suspicio
933 1577 1067 1642 alienati
1082 1568 1194 1661 ducis,
1205 1588 1237 1646 et
1257 1583 1299 1645 ad

213 1686 417 1759 postremum
444 1677 625 1760 indignatio
649 1684 777 1742 exorta.
831 1676 987 1762 Namque
1013 1685 1111 1744 autea
1137 1692 1298 1745 rumorem

212 1776 411 1859 proditionis
425 1786 531 1844 ortum
546 1777 745 1843 clementerb
762 1797 823 1860 per
837 1778 1021 1842 exercitum
1036 1780 1068 1842 in
1084 1799 1196 1844 verum
1211 1789 1299 1845 trax·

211 1884 313 1943 eraut.
356 1878 410 1942 Ob
426 1898 513 1960 quae,
529 1879 626 1942 simul
642 1879 690 1941 uti
705 1879 891 1942 concitatus
907 1877 1024 1941 militis
1038 1880 1169 1957 animus
1183 1876 1299 1945 lenire·

211 1983 278 2056 tur,
296 1977 384 2061 Ajax
400 1998 476 2042 cum
491 1978 659 2041 Diomede
674 1982 706 2041 et
720 1977 844 2061 Ulysse
858 1977 900 2039 ad
915 1978 1027 2043 lucum
1043 1986 1191 2060 pergunt.
1236 1980 1298 2042 Hi·

212 2097 281 2160 que
304 2085 380 2141 ante
415 2078 572 2160 templum
597 2077 765 2153 resistunt,
795 2077 1003 2158 opperientes
1033 2079 1063 2140 si
1091 2076 1299 2157 egrederetur

213 2174 390 2252 Achillem,
412 2175 573 2255 simulque
594 2176 639 2238 uti
661 2194 731 2239 rem
752 2182 882 2257 gestam
901 2177 1036 2259 jureni⁰
1058 2178 1233 2253 referrent3
1257 2176 1299 2240 de

213 2280 325 2339 cetero
346 2274 445 2338 etiam
468 2274 676 2350 deterrerent,
697 2273 730 2337 in
754 2274 921 2357 colloquio
940 2276 1027 2340 clam
1048 2296 1126 2341 cum
1146 2277 1298 2341 hostibus

211 2392 318 2456 egere.
363 2372 447 2457 [lt]
463 2374 598 2438 Interim
613 2372 818 2450 Alexander,
834 2377 1034 2458 compositis
1041 2380 1111 2463 jam
1126 2396 1201 2442 cum
1215 2377 1296 2441 Dei·

210 2475 322 2559 phebo
347 2475 491 2551 insidiis,
513 2475 656 2558 pugione
680 2475 873 2540 accinctus¹
901 2477 945 2540 ad
966 2474 1130 2542 Achillem
1155 2478 1296 2557 ingredi·

211 2584 272 2652 tur,
295 2575 506 2642 confirmator
520 2575 623 2639 veluti
645 2593 757 2639 eornm
777 2594 852 2658 quae
878 2575 1031 2641 Priamus
1056 2577 1293 2660 pollicebatur:

210 2692 352 2760 moxque
366 2676 408 2741 ad
425 2696 527 2752 aram,
543 2694 609 2758 quo
623 2694 665 2738 ne
680 2675 786 2738 hostis
801 2674 914 2738 dolum
929 2678 1189 2758 persentisceret,
1202 2697 1294 2742 aver·

211 2795 333 2860 susque
349 2796 371 2842 a
384 2773 496 2854 duce,‘¹
512 2776 653 2840 assistit.
699 2774 785 2839 Dein
801 2776 859 2839 ubi
870 2782 1002 2859 tempus
1015 2779 1123 2842 visum
1137 2785 1200 2855 est,
1213 2777 1294 2842 Dei·

208 2876 340 2959 phebus
353 2878 530 2961 amplexus
545 2876 699 2939 inermem
709 2873 875 2956 juvenem,
887 2876 1012 2958 quippe
1026 2877 1059 2939 iu
1074 2895 1172 2939 sacro
1187 2874 1294 2959 Apol·

208 2976 285 3042 linis
300 2978 380 3042 nihil
393 2976 516 3044 hostile
531 2982 744 3051 metuentem,
755 2976 956 3053 exosculari,
968 2975 1185 3057 gratularique
1197 2994 1294 3058 snper

212 3331 225 3376 i
243 3327 337 3392 Delpb.
348 3330 374 3380 is
384 3331 532 3393 lessam
542 3331 611 3381 dtas
625 3335 694 3381 srsst
711 3344 764 3379 cars
781 3328 904 3380 idea-2
920 3326 1016 3391 Delpb.
1035 3326 1181 3377 cisen-⁸
1198 3322 1292 3394 Delph.

694 3525 800 3579 ΝΟΜ

239 3659 250 3684 ¹
266 3652 371 3701 AEtsters
378 3651 428 3713 ejas
436 3653 559 3701 sdsrsdsn
571 3651 730 3715 tamarae]
800 3662 812 3688 ⁸
823 3652 922 3716 lusum]
933 3651 1091 3709 preconem,
1102 3648 1134 3698 de
1144 3663 1195 3713 quo
1203 3663 1289 3713 supra.

206 3726 277 3780 Quia
287 3726 387 3776 scilicet
399 3725 610 3791 spndvlrgiiium
623 3726 729 3790 legerer,
799 3728 812 3764 b
825 3730 910 3778 θήκη
920 3722 1053 3786 mer]
1069 3722 1251 3783 ‘Clementer,'
1262 3723 1288 3773 ld

207 3800 396 3866 ‘lnielispuer‚
402 3810 479 3865 etque
486 3802 569 3865 impar
578 3815 728 3864 congressus
767 3810 815 3860 est,
827 3804 907 3862 iente,
918 3800 1025 3850 nrodlce.
1059 3797 1091 3848 Iu
1104 3812 1189 3846 rerum
1202 3807 1288 3848 traxe-

206 3876 320 3927 Achiui!
344 3877 394 3927 Sed
404 3891 461 3927 eum
473 3875 600 3942 fugiebat,
611 3876 678 3926 viros
690 3890 727 3925 ro·
768 3883 825 3926 rant
843 3889 970 3926 rumorem
989 3875 1059 3924 illum
1072 3872 1232 3937 proditionis,
1244 3874 1288 3936 qul

206 3951 367 4002 bostisrimos
385 3967 400 4002 s
417 3952 501 4016 podiis
514 3952 653 4015 sepissime
665 3967 726 4016 pue·
767 3966 812 4016 per
823 3950 963 4000 exercitum
976 3948 1067 3998 leviter
1078 3947 1232 3996 insonnerst.
1252 3946 1286 3993 A·

203 4041 247 4077 ros
261 4026 323 4088 dici,
340 4033 368 4076 et
385 4041 447 4077 esne
457 4026 572 4076 Troilum
583 4026 726 4077 robustissi·
766 4027 866 4078 chillem
878 4033 963 4075 sutem
975 4022 1128 4097 proditionis
1138 4028 1287 4083 suspectum

202 4116 271 4151 nrum
290 4108 318 4151 et
333 4100 496 4152 fortissimum
513 4100 660 4151 describunt
671 4102 727 4152 Ho-
765 4101 1133 4163 bambanepropteramorem
1142 4097 1289 4161 Polyxene.

201 4177 419 4239 mercationes
442 4177 469 4226 in
496 4174 626 4239 Lycophr.
643 4178 725 4228 Dsres
796 4173 921 4234 ‘Jsoesss
938 4170 1039 4221 Achilli.

201 4251 338 4318 Phrygius,
348 4259 376 4304 et
387 4250 440 4301 slil.
798 4247 811 4284 ὖ
825 4247 848 4299 Δ
862 4244 940 4309 Duce]
955 4244 1064 4295 Achille.
