3010 4978
244 290 297 353 54,
513 302 593 355 rso.
614 299 1078 383 rnnrsourrnrssnnrsnro

245 454 337 540 quod
345 453 419 538 jam
432 451 515 517 satis
526 466 631 534 supra
644 448 901 520 confutavimus.
943 449 1073 517 Verum
1087 449 1130 516 de
1144 451 1235 534 stylo
1247 450 1344 536 quotl'

223 582 224 585 ¹
247 556 306 633 ait,
321 552 509 619 indecorum
524 556 586 631 est,
599 551 648 617 ita
661 551 785 630 vivam,
801 551 887 630 viro,
902 551 962 635 qui
975 551 1149 618 latinitati
1159 556 1343 634 tantopere

243 652 401 722 attendit.
444 650 537 731 Quid
561 653 675 719 enim'l
716 651 775 719 An
803 653 848 720 ad
871 651 1018 737 Nepotis
1048 654 1183 738 stylum,
1210 660 1274 718 ant
1297 651 1344 718 ad

243 751 367 820 Velleii
395 771 506 819 sevum
534 754 698 820 accedunt
720 752 953 820 ‘Contestari'
982 753 1101 820 eodem
1130 771 1245 832 sensu,
1274 773 1345 838 qno

244 871 333 921 nuno
349 851 451 936 vulgo
466 852 585 919 dicunt
607 854 816 923 ‘Protestari
829 852 848 921 :⁸
877 852 1035 921 ‘Testari
1050 855 1142 920 brevi
1156 854 1344 932 ultionem,'

245 956 312 1021 ltoo
334 960 400 1034 est,
415 954 542 1036 minari,
557 954 778 1023 denunciare:
807 955 1043 1040 ‘adhospitare
1060 955 1126 1021 sibi
1148 954 1268 1034 Deos:
1296 973 1345 1020 ex

246 1053 508 1133 Graecianum
530 1056 607 1142 ξενίᾳ
627 1061 744 1121 καλῶς
766 1056 984 1124 ‘Reformare
1014 1055 1124 1123 diem:
1146 1074 1225 1122 cum
1247 1057 1348 1122 nullo

245 1157 395 1224 remedio
415 1156 537 1225 mederi
557 1159 692 1242 posset:
713 1160 868 1245 passive:
890 1157 1052 1226 ‘Funus’
1072 1178 1134 1243 pro
1147 1159 1226 1242 ipso
1239 1156 1348 1223 cada·

247 1278 326 1324 vers
342 1264 375 1324 et
396 1259 572 1343 sepulcro:
596 1260 752 1327 ‘Cuncta
776 1269 926 1329 extrema
947 1269 1041 1327 ratus
1062 1259 1226 1347 experiri:
1248 1259 1350 1325 ‘Re-2

249 1359 400 1425 ‹larmare
413 1379 531 1425 manus
543 1362 563 1425 :’
586 1360 779 1445 ‘conjuges
793 1361 1056 1447 Principalium,'
1070 1362 1165 1446 qaod
1185 1360 1346 1444 frequens

249 1460 416 1545 sequioris
431 1463 497 1527 aevi
511 1463 753 1548 scriptoribus:
775 1463 890 1530 ‘Alter
911 1463 1140 1530 Echinadibua
1151 1463 1349 1546 imperator,

249 1562 618 1649 AgapenorArcadiast’
629 1565 811 1632 ‘Desinere
820 1564 1050 1650 pernoctando
1059 1563 1153 1629 humi
1162 1562 1182 1628 τ’
1196 1561 1350 1642 ‘Quanti

248 1664 414 1743 mortales,
431 1665 568 1749 quinam
582 1673 619 1730 ot
632 1665 750 1750 quanti
763 1664 965 1750 Pelopiae:
977 1664 1044 1729 hoc
1059 1670 1120 1741 est,
1135 1670 1228 1746 quot,
1244 1663 1346 1745 quod
1375 1752 1379 1759 4

251 1766 508 1833 usitatissimum
521 1766 585 1832 luit
598 1765 807 1850 Septimiano
819 1784 914 1832 sevo:
937 1763 1144 1830 ‘Delutaret'
1166 1764 1226 1828 ‘Is
1247 1763 1350 1845 Aga-

250 1868 414 1941 memnoni
427 1868 613 1948 insinuans,
625 1885 702 1951 qnae
718 1867 809 1933 circa
828 1864 934 1931 filiam
955 1865 1028 1950 ejus
1049 1865 1251 1943 evenissent,
1274 1864 1353 1927 ani-

249 1987 341 2034 mum
362 1975 462 2054 atque
484 1976 636 2035 ornatum
657 1968 744 2050 regis
765 1965 977 2044 reformauit:
990 1965 1055 2032 hoc
1076 1971 1142 2041 est,
1157 1966 1301 2030 comiter
1315 1969 1352 2028 et

251 2070 400 2136 modeste
421 2068 629 2154 significans:
651 2069 788 2154 ‘Super
811 2086 887 2152 quse
909 2067 1057 2151 juvenis,
1079 2065 1174 2130 aliud
1198 2070 1348 2149 tempus,

251 2170 354 2237 alium
371 2172 496 2248 locum,
512 2178 755 2254 tractatumque
777 2171 850 2236 fore
870 2167 1053 2253 respondit.
1094 2165 1141 2233 Et
1153 2165 1346 2248 indignatus

250 2270 399 2332 nondum
413 2271 480 2333 sibi
502 2288 523 2332 a
544 2270 681 2334 Priamo
703 2288 805 2351 super
825 2270 889 2345 his,
903 2287 981 2349 quae
1004 2286 1119 2332 secum
1133 2272 1345 2344 tractaverat,

251 2367 467 2446 mandatum:
494 2369 560 2433 hoe
595 2375 657 2444 ast,
688 2368 899 2432 nunciatum:
923 2367 1128 2432 ‘Rumonem
1158 2368 1194 2433 in
1219 2366 1347 2451 Verum

252 2466 428 2535 uexerant.
452 2467 603 2547 ‘Solito,’
613 2468 786 2534 absolute:
801 2468 1022 2535 ‘Coaduuare
1032 2468 1051 2533 :’
1065 2468 1225 2549 Quietum
1235 2468 1348 2534 ‹lisce-

257 2568 356 2648 ditur,
377 2569 442 2634 hoc
464 2577 530 2647 est,
548 2568 722 2637 cubitum:
757 2569 936 2636 ‘Relatum
960 2569 1069 2635 differt
1094 2571 1127 2635 in
1153 2570 1348 2653 proximum

253 2669 365 2749 diem,'
379 2670 444 2734 hoc
458 2677 521 2748 est,
533 2670 808 2738 renuntiationem
820 2673 998 2755 legationis
1009 2692 1091 2739 suae.
1132 2671 1351 2757 ‘Sullapsum

256 2770 367 2851 coelo,'
391 2772 458 2838 hoc
474 2777 537 2851 est,
551 2772 740 2856 delapsum.
785 2773 912 2859 ‘Super
926 2774 1090 2859 qualitate
1114 2793 1232 2841 eorum
1253 2775 1353 2839 exer*¹

256 2871 348 2951 tius,’
368 2874 433 2939 hoc
447 2880 511 2955 est,
525 2875 650 2955 scrius,
671 2876 911 2942 ‘disserturum
921 2874 941 2943 ι’
963 2875 1217 2961 ‘impossibilia
1231 2881 1351 2959 postu-

256 2975 326 3041 lare
341 2975 360 3041 :’
381 2974 574 3054 ‘Placitum
597 2975 790 3056 confirmat:
809 2979 876 3044 hoc
902 2983 965 3056 est,
980 2988 1177 3043 conventum
1197 2982 1351 3060 pactum.

256 3076 381 3145 ‘lovis
403 3077 711 3148 Antemdificialisz'
732 3080 882 3147 ‘Forma
905 3077 1165 3163 perlaudabilis.'
1208 3077 1301 3145 Haec
1316 3082 1352 3144 et

255 3179 380 3245 similia
393 3181 469 3263 quis
482 3181 614 3246 tandem
628 3180 758 3246 Latium
770 3182 945 3263 elegantiae
959 3181 1050 3246 haud
1063 3180 1238 3264 imperitus
1253 3181 1351 3245 dixe·

255 3279 299 3342 rit
321 3279 411 3343 illius
433 3299 507 3345 esse
528 3281 651 3359 enas,
676 3280 746 3365 qua
763 3282 911 3347 maxime
933 3283 1051 3347 isthaec
1076 3281 1190 3363 lingua
1210 3279 1350 3344 floruitl

255 3374 346 3449 Vide
358 3379 460 3443 etiam
474 3379 599 3447 Olaum
610 3382 830 3462 Borrichiam,
841 3390 878 3448 et
891 3382 1101 3450 Gronovium
1115 3381 1260 3456 Patrem,
1271 3367 1353 3446 'ob-

256 3497 342 3545 serv.
356 3476 488 3546 Eccles.
503 3476 559 3547 25.

302 3594 452 3648 xxxix.
470 3582 594 3668 ‘Neque
615 3589 726 3651 nmen
741 3587 930 3672 negaverim
945 3582 1121 3667 Scioppio,
1135 3580 1226 3666 quod
1242 3582 1350 3661 addit,

256 3682 443 3749 ‘nonnullis
455 3679 544 3749 locis
559 3685 703 3770 Dictyos
718 3687 844 3772 aliquid
857 3687 939 3753 mali
954 3705 977 3750 a
991 3685 1081 3750 mala
1090 3700 1167 3748 esse
1177 3682 1349 3766 objectum

256 3782 379 3848 mauu?
414 3783 450 3851 N
452 3805 492 3849 ec
503 3787 590 3850 euim
605 3786 734 3868 dubito,
749 3791 831 3873 quin
840 3788 957 3853 multis
970 3787 1006 3852 in
1015 3785 1100 3852 locis
1109 3784 1349 3851 etiamlibrari-

257 3901 349 3959 erum
364 3886 469 3969 culpa
492 3884 642 3970 Scriptor
656 3888 712 3953 hic
733 3888 827 3954 soeda
848 3890 894 3954 sit
918 3886 1114 3972 stribiligine
1135 3887 1287 3964 vitiatus,
1312 3892 1350 3949 et

258 3985 428 4070 complura
439 3986 514 4072 ejus
528 3989 661 4070 generis
683 3988 785 4055 etlam
805 4008 895 4055 nunc
908 3979 1088 4073 supersint}
1108 4072 1110 4081 Ι
1130 3986 1255 4052 Eorum
1267 4002 1350 4051 nou-

259 4084 484 4169 nullnnostrm
497 4080 1088 4176 animadversionishicproferemns.
1110 4085 1349 4155 Sical‘Pw
