3010 4978
550 367 671 418 scurra
692 366 843 418 rnorcn.
1217 355 1262 419 n

172 540 325 609 pauper:
347 529 383 586 at
411 520 552 603 Begero,
576 521 723 586 Tmiccr.
750 520 806 585 40.
835 517 971 585 Hector.
1013 518 1155 585 Scilicet
1177 521 1260 604 quia

173 625 307 689 Hector
334 623 490 706 depictus
510 622 640 698 sedens,
667 621 755 704 apud
773 620 991 698 Pausaniam,
1005 620 1041 683 in
1062 619 1202 687 Pbocic.
1223 630 1260 687 et

171 731 315 806 utraque
330 740 434 786 manu
445 722 569 786 lmvnm
582 740 667 803 genn
679 739 832 803 premens
847 740 856 785 r
879 719 965 785 tristi
980 718 1157 784 admodum
1169 720 1258 787 facie

170 830 206 889 et
220 821 356 902 lugubri
370 820 497 885 babitu.
540 820 591 885 Sit
605 821 678 897 tibi,
689 820 872 885 Pausaniae
887 820 1097 899 auctoritate,
1114 819 1257 899 Hector,

172 923 314 1003 Begere,
328 926 466 1003 propter
483 939 595 985 arcum
610 927 645 984 et
668 920 854 1003 pharetram
866 918 1042 1002 (Herculis
1057 921 1135 985 oiim
1149 919 1258 1005 arma)

172 1020 257 1085 mibi
272 1028 360 1085 certe
375 1019 597 1085 Philoctetes:
620 1039 718 1102 quem
742 1038 878 1103 quoque
902 1018 1022 1084 eedem
1040 1019 1128 1086 iacic
1150 1040 1257 1104 nuper

171 1121 381 1200 exhibebam,
398 1121 525 1186 Pictur.
539 1120 702 1204 quuent.
716 1119 770 1186 28.
784 1119 869 1184 Tab.

392 1434 659 1511 TABULA
709 1433 1032 1514 SECUNDA.

545 1692 631 1759 VII.
676 1638 886 1760 bonomi.

573 1860 654 1925 Len.
670 1877 696 1923 ι.
717 1858 806 1925 Gar.
818 1862 853 1926 2.

220 2028 232 2057 ‘
248 2023 380 2099 Omnes
393 2044 438 2089 ex
452 2025 576 2106 origine
588 2027 750 2109 Europes,
764 2045 840 2107 qum
852 2028 888 2091 in
901 2047 944 2092 ea
956 2026 1066 2093 insula
1082 2046 1211 2094 summa

516 2148 521 2159 ·
562 2126 719 2207 reiigione
732 2126 871 2191 colitur?

218 2252 396 2332 Eunoen,
415 2254 581 2338 Agenoris
603 2256 696 2340 Tyrii
710 2256 801 2336 filim,
817 2255 935 2347 eJove
948 2263 1054 2342 reptae
1069 2259 1153 2324 etin
1174 2258 1254 2325 Cre-

170 2361 243 2418 tam
258 2353 400 2419 insulam
415 2355 551 2433 delatae,
562 2374 608 2420 ex
624 2355 725 2423 Ovid.
740 2374 781 2424 ιι.
796 2358 933 2424 Metam.
953 2359 1029 2424 875.
1048 2367 1081 2426 ct
1103 2377 1138 2424 v.
1159 2360 1252 2427 Fast

168 2453 245 2518 6⁰5.
266 2473 395 2520 necnon
408 2454 562 2533 Horatio,
578 2472 631 2520 ιιι.
647 2455 712 2521 Od.
726 2458 780 2524 27.
794 2459 846 2523 15.
859 2459 1047 2524 notissima.

214 2554 303 2620 Hoec
317 2564 425 2621 autem
439 2555 532 2621 sacta
543 2557 774 2639 pulcherrima,
787 2565 967 2643 postquem
988 2560 1099 2642 puella
1111 2558 1254 2645 Angeia,

168 2652 268 2719 Jorie
291 2661 326 2720 ct
347 2655 491 2721 Juncnis
513 2655 595 2736 iiiia,
623 2659 824 2741 pigmentum
848 2659 943 2723 matri
965 2666 1149 2743 surreptum
1173 2661 1253 2727 huic

170 2755 361 2821 obtulisset
405 2756 621 2837 scholiastes,
637 2759 681 2824 ad
694 2759 836 2823 Theocr.
853 2774 895 2823 ιι.
908 2756 1008 2840 Idyll.
1022 2760 1073 2823 12.

212 2856 264 2922 Ea
279 2858 495 2940 postmodum
509 2856 716 2924 Sidoniomm
730 2859 794 2923 dea
809 2878 818 2937 ;
840 2856 935 2920 cultu
948 2857 1038 2921 illins
1051 2858 1206 2924 instituto
1218 2862 1255 2926 in

170 2958 329 3024 solatium
342 2956 517 3042 Agenoris,
529 2966 608 3043 post
620 2959 723 3023 filiam
736 2978 758 3021 a
772 2957 928 3023 Cretensi
942 2954 1083 3038 quodum
1098 2957 1254 3038 praedone

168 3066 309 3143 raptam.
347 3059 403 3125 lta
416 3059 597 3136 Lucienus,
612 3058 653 3121 de
669 3058 746 3121 Dea
760 3057 871 3139 Syria.

209 3160 315 3245 Apud
331 3160 521 3226 Corinthios
541 3168 666 3237 tamen,
678 3178 738 3243 per
757 3156 951 3223 Elleborum
971 3156 1068 3235 bru,
1083 3156 1118 3221 in
1132 3173 1256 3240 pompe

169 3260 314 3346 Europen
326 3261 640 3327 circumferebantur
654 3279 746 3325 osse.
788 3256 1105 3338 Achaeorunm.

214 3360 350 3427 lntcrim
372 3361 447 3446 cjns
467 3367 593 3439 rector,
616 3369 732 3428 taurus
753 3360 849 3445 (aliis
869 3360 965 3426 nevis
979 3367 1044 3440 est,
1063 3367 1196 3426 taurum
1216 3358 1253 3423 in

168 3479 288 3544 puppe
315 3462 442 3544 pictum
470 3461 664 3540 ostendens,
689 3469 724 3528 ct
747 3481 815 3527 non
838 3459 979 3546 animal)
997 3462 1083 3528 inter
1109 3459 1253 3527 zodiaci

170 3559 352 3625 duodecim
375 3563 472 3646 signa
496 3564 655 3629 coeleetia
679 3564 814 3630 relatus.
870 3562 1036 3647 Hyginus,
1061 3560 1251 3626 Astronom.

169 3658 276 3727 Poiit.
291 3674 333 3722 ιι.
352 3661 404 3725 21.
427 3664 567 3742 Seneca,
592 3663 697 3729 Herc.
723 3664 802 3729 Fur.
824 3665 857 3730 3.
879 3663 1053 3739 Manilius,
1079 3679 1103 3725 ι.
1134 3659 1253 3727 Astro-

166 3781 259 3829 nom.

208 3860 428 3942 Europam
448 3863 656 3930 Sidoniorum
671 3864 880 3931 Numisrnate
899 3863 950 3950 (in
964 3882 1037 3949 quo
1047 3864 1171 3945 legunt,
1186 3859 1253 3926 Go-

162 3961 261 4125 grlia
289 3958 432 4124 Διιιῖὲιῗ
455 3961 516 4027 Pia
538 3964 740 4051 Metropolis
765 3962 889 4050 Sidon)
909 3963 1062 4049 depinxit
1084 3960 1250 4037 Vcillam,

228 4078 285 4125 on.
302 4075 344 4125 ιι.
425 4104 435 4123 .
