3176 4976
286 366 352 430 580
678 377 830 426 susurru
856 375 997 425 iscam.

286 521 422 588 Atrides
434 521 521 603 regis
534 521 676 602 insignia
691 523 800 604 pouit,
815 529 850 586 et
864 522 953 585 ultro

286 623 390 687 Exuit
403 622 594 705 imperinm:
616 640 678 684 nec
692 622 779 685 enim
794 623 924 684 venisse
937 621 1059 685 latetur

285 721 366 790 Jure
381 722 490 798 ducis,
504 720 644 804 fierique
658 723 755 798 satis,
770 723 800 784 si
814 722 965 804 principe
979 717 1104 802 quovis

287 824 390 889 Freta
400 823 521 887 cohors
534 821 650 886 redeat
663 828 741 905 post
756 822 866 885 diruta
881 819 1045 901 Pergama
1058 819 1197 883 victrix.

288 925 349 990 Nil
360 925 466 1000 refert,
480 923 567 1006 quis,
580 921 651 999 nbi,
666 921 816 1006 quando,
831 921 891 985 sed
906 921 1062 1005 qualiter,
1077 919 1220 1002 etquid

289 1027 455 1091 Factumz
477 1023 644 1087 durabunt
657 1031 768 1099 actus,
779 1030 812 1087 et
826 1021 966 1087 transiet
981 1027 1128 1085 auctor..

289 1127 357 1191 His
372 1125 477 1204 addit,
492 1144 529 1188 se
537 1123 615 1207 jure
630 1124 695 1188 lrui
708 1123 838 1206 potiore
849 1121 1017 1205 Mycenis,

289 1227 334 1290 Et
347 1226 500 1290 stabilem
511 1243 647 1305 regnare
661 1223 772 1287 domi:
795 1241 858 1286 nec
873 1223 969 1304 signa
983 1222 1105 1304 priora·

289 1327 348 1392 Sic
363 1329 488 1392 ambire
504 1328 609 1409 cupit,
624 1333 663 1391 ut
674 1327 768 1392 fesso
784 1333 920 1410 pectore
934 1325 1045 1390 malit.

290 1428 334 1492 Et
344 1428 459 1510 vigiles
474 1426 587 1490 Lunae
601 1432 634 1490 et
649 1427 749 1490 duros
764 1426 886 1491 ducere
899 1427 1007 1491 Soles.

334 1527 474 1593 Martius
489 1525 650 1591 AEacides
664 1532 813 1590 mutatas
829 1527 926 1591 solus
938 1527 1086 1591 habenas

290 1630 423 1713 Argnit,
439 1634 474 1693 at
485 1633 583 1710 rapto
598 1627 799 1692 Palamedes
815 1629 925 1693 Marte
941 1629 1105 1712 superbus
1340 1633 1383 1694 to

290 1731 435 1799 Vincere
451 1729 621 1794 contendit
631 1728 747 1805 titulis,
762 1749 939 1814 regemque
952 1730 1078 1794 mereri.
1395 1738 1399 1745 '

291 1832 379 1916 Ergo
394 1833 513 1897 iterum
528 1828 645 1893 coeunt
659 1830 765 1905 acies,
780 1837 978 1914 properatur
995 1831 1170 1914 utrimque,
1184 1882 1188 1893 .

291 1934 335 1998 Et
348 1932 480 1999 medius
496 1930 662 1996 decrescit
675 1949 763 2013 ager,
776 1933 864 2016 rapit
878 1933 1012 2015 agmina
1022 1931 1158 2015 juncta.

292 2035 476 2118 Sarpedon,
492 2033 686 2116 Lyciasque
702 2052 814 2112 enses,
831 2035 1007 2099 etturbine
1021 2033 1127 2117 primo

293 2136 465 2201 Hostibus
477 2133 667 2198 invehitur:
690 2134 802 2216 qualis
816 2135 945 2201 vexilla
959 2133 1140 2217 Gigantum
1343 2138 1386 2201 45

293 2237 509 2301 centimanus
525 2235 680 2299 Briareus
696 2234 869 2318 Phlegrae
885 2238 921 2300 in
935 2238 1061 2302 vertice
1082 2236 1215 2314 tollens,

292 2337 450 2404 imbelles
465 2336 539 2400 risit
553 2336 576 2400 J
578 2337 654 2401 ovis
666 2338 773 2421 ignes,
787 2340 855 2405 tela
871 2340 1008 2417 Dianae,

293 2437 414 2503 Martis
428 2457 544 2521 equos,
558 2438 683 2505 Plroebi
694 2441 877 2524 pharetras,
891 2448 925 2507 et
934 2441 1085 2508 Palladis
1100 2458 1236 2522 angues.

785 2644 894 2696 Nom

292 2753 368 2817 dicio,
383 2767 434 2804 non
455 2768 528 2806 errae
548 2771 596 2820 pro
613 2756 708 2808 studio.
742 2757 819 2808 Adde
859 2757 921 2808 obi.'
947 2758 1036 2809 Greci
1049 2758 1115 2807 lero
1124 2757 1297 2818 decimes.
1328 2758 1388 2806 cle·

291 2828 361 2893 quod
380 2830 462 2880 omnir
477 2838 541 2881 etas
557 2832 583 2881 ln
600 2831 709 2895 imperio
731 2847 819 2898 repre·
840 2828 1386 2891 ,meridiantestrnnapenmeltrqb

291 2905 428 2956 itenditur.’
460 2908 542 2958 Recte
553 2922 597 2958 ιιι.
608 2923 666 2972 cap.
678 2910 761 2960 ultim.
778 2910 819 2960 lle
858 2924 894 2956 ro
908 2903 1021 2966 pmcne,
1035 2903 1074 2952 rel
1084 2900 1229 2962 indemni
1248 2899 1384 2956 hircani

292 2980 386 3034 Benet'.
407 2981 522 3033 Seneca:
542 2982 622 3033 ‘Hoc
644 2990 685 3033 est
704 2998 820 3047 regnum,
858 2980 928 3030 iter.
942 2980 1052 3029 Seneca.
1065 2977 1104 3025 De
1114 2974 1207 3025 Bauet‘.
1219 2988 1250 3024 u.
1262 2978 1301 3024 10.
1317 2974 1384 3023 ‘lie-

293 3056 361 3106 nolla
373 3070 491 3121 regnare,
500 3072 558 3107 earn
571 3058 672 3121 poesia'
705 3059 773 3108 Vide
789 3061 819 3107 il·
858 3055 910 3105 fert
919 3054 990 3119 qnid,
1002 3054 1055 3116 eni,
1066 3052 1180 3119 quande,
1190 3065 1281 3117 quere,
1293 3051 1349 3111 nbi,
1358 3059 1387 3101 et

292 3130 342 3179 leta
354 3132 600 3197 magnanimitatem,
612 3133 720 3197 ejusque
731 3147 817 3182 erenr-
856 3137 954 3189 cetae,
977 3128 1032 3177 sine
1052 3129 1145 3193 quibes
1163 3126 1228 3177 iacti
1245 3127 1314 3177 retia
1332 3140 1384 3175 non

293 3205 563 3271 plarpndlovianunr
579 3209 765 3259 Pontenumrr·
782 3208 815 3257 de
855 3200 1002 3253 comtelit!
1044 3202 1224 3268 Adquaeeine
1241 3200 1321 3251 dubio
1342 3214 1383 3248 re·

293 3281 451 3346 Magnanim.
854 3278 951 3341 spexit.

325 3359 357 3405 80
367 3358 419 3407 Nee
426 3358 490 3408 eain
498 3358 588 3408 esaim
596 3357 690 3419 felem
699 3356 760 3404 dare
768 3357 813 3405 da·
880 3356 912 3404 84
922 3353 1053 3405 Druiaat
1062 3360 1137 3416 wire,
1147 3359 1170 3403 et
1181 3355 1284 3407 arnan
1291 3353 1386 3416 nector]

292 3429 338 3491 ris]
354 3431 397 3478 De
408 3445 502 3495 genere
512 3430 634 3497 loquendi
651 3428 739 3479 vider.
756 3434 815 3481 880.
853 3429 971 3479 'libain
981 3434 1008 3481 4.
1023 3429 1082 3480 ‘An
1098 3431 1120 3478 si
1131 3430 1221 3478 tardus
1240 3429 1300 3490 eris,
1316 3442 1386 3478 erre·

293 3504 463 3557 Philostratus
473 3509 499 3555 in
510 3506 630 3557 Hernicis
638 3508 728 3569 pora.
745 3507 819 3569 perir
859 3507 909 3569 bis,
920 3507 1030 3558 transiet
1041 3506 1122 3558 etas!
1154 3506 1195 3556 Ad
1210 3521 1267 3570 quse
1279 3520 1385 3568 magnus

293 3575 348 3625 iere
356 3578 501 3642 loquentem
509 3582 573 3632 iacit
583 3582 819 3645 Agamemnonem
859 3581 986 3647 Scaliger,
997 3580 1316 3647 ‘lpxarrirprotrrneibia
1324 3582 1386 3631 Ter·

293 3653 341 3713 1γο
349 3651 375 3702 tt
391 3653 430 3703 rel
445 3654 523 3715 riom
533 3660 576 3718 τῆς
586 3656 661 3722 ὀρχῆς
671 3662 820 3723 παραχωρεῖν
860 3660 982 3710 tullianus
989 3658 1234 3721 adversnsdnderne,
1241 3659 1279 3708 Ex
1285 3664 1312 3707 te
1318 3657 1385 3705 eninr

293 3724 397 3792 boenas,
415 3729 548 3788 canfen
565 3736 631 3796 δμοῦ.
665 3734 755 3787 Habes
774 3752 821 3791 ex·⁴
859 3737 1289 3802 erictdnr,qniprsnetpopulnar
1300 3749 1385 3785 meum

293 3806 406 3870 emplum
428 3808 556 3870 genricum
576 3811 662 3862 Marci
685 3811 819 3872 Antonini,
859 3811 958 3861 lircil!

294 3880 413 3948 illiusque
428 3884 565 3946 epistolare
582 3887 652 3949 apud
673 3887 820 3937 Valentiam
890 3858 1385 3951 rememoraturum]
1466 3902 1473 3913 ·

294 3958 454 4013 Gallicanum
465 3959 490 4008 in
500 3957 594 4008 Avidio
606 3960 706 4018 Cassio,
715 3976 742 4024 p.
751 3965 808 4011 807.
859 3959 927 4009 Vide
935 3974 961 4009 v.
972 3965 1030 4011 888.

327 4038 358 4082 88
366 4034 500 4095 Nitresert¹
507 4032 731 4100 quaestoresue]
738 4034 820 4085 ’arim
889 4038 921 4084 te
940 4035 975 4086 Et
988 4037 1079 4089 mediae
1094 4040 1207 4089 timeant
1227 4037 1299 4101 eger]
1317 4035 1386 4085 Vide

294 4105 351 4153 tero
362 4111 423 4157 talin
434 4110 496 4158 alibi
507 4109 634 4171 congerit,
642 4117 671 4158 ut
679 4116 775 4161 raiol.
783 4113 821 4162 ite
860 4123 890 4162 rt.
903 4113 957 4161 181.

293 4191 314 4229 ι.
327 4181 390 4255 115.Ι
398 4182 405 4208 ‘
414 4183 460 4231 Est
469 4192 572 4245 tempus
581 4182 769 4247 quando,locus
779 4196 819 4235 eet
