3200 4972
315 383 381 450 824
684 387 849 438 DARETIS
873 387 1033 437 aaaron

317 540 474 607 ditionem
490 528 680 599 Palamedis
694 535 817 597 narrat
860 529 918 596 Illi
932 531 1072 597 moleste
1084 532 1198 599 ierunt⁸
1228 531 1404 615 Agamem

315 658 383 703 uon
404 635 487 700 dicit
509 652 546 696 ee
572 633 712 697 molesto
732 648 802 695 uon
823 629 920 709 ferre,
945 652 1010 696 sua
1025 632 1197 699 voluntate
1220 633 1256 698 id
1275 625 1402 699 faetu'm

314 756 397 802 eaeo.
441 734 570 800 Interea
584 732 785 798 Palamedes
798 750 902 796 naves
915 734 1164 816 comparandae
1174 741 1280 810 aurat,
1291 742 1402 801 eastra

313 838 428 915 munit,
435 836 578 901 turribus
593 833 789 900 circumdat.
811 832 948 917 Trojani
961 836 1145 899 exereitum
1156 842 1322 912 exercent,
1332 854 1401 899 mu·

313 957 387 1002 rum
402 938 576 1019 diligenter
594 935 790 1011 resarciunt,
812 932 935 1010 fossas,
957 942 993 998 et
1006 936 1134 1000 vallum
1150 936 1323 1019 diligenter
1344 936 1402 1001 ad·

314 1039 407 1117 dunt,
421 1045 596 1122 ceteraque
612 1040 823 1119 componunt·
866 1033 948 1119 [22]
970 1035 1154 1119 Postquam
1169 1037 1242 1101 dies
1256 1038 1332 1101 anai
1345 1056 1400 1101 vo·

314 1142 364 1206 uit
376 1160 445 1223 quo
461 1139 589 1204 Hector
603 1136 754 1220 sepultus
767 1140 829 1212 est,
849 1134 1003 1200 Priamus
1018 1142 1053 1201 et
1068 1137 1211 1203 Hecuba
1226 1146 1258 1203 et
1275 1139 1401 1222 Polyx-

315 1261 387 1315 ena,
402 1241 568 1323 ceterique
590 1237 742 1321 Trojani,
762 1235 806 1300 ad
828 1236 1018 1319 sepulcrum
1041 1238 1114 1321 ejus
1137 1237 1274 1320 proiecti
1296 1247 1400 1302 aunt.u

315 1339 450 1419 Quibus
465 1341 586 1405 obvius
601 1339 638 1403 fit
651 1337 812 1412 Achilles,
826 1336 1033 1419 Polyxenam
1056 1339 1307 1422 contemplatur,
1329 1338 1400 1419 figit

294 1444 469 1523 ‚animuuu
491 1459 602 1505 amare
617 1459 689 1504 eam
705 1440 910 1503 vehementer
931 1439 1048 1520 ooepit.
1092 1437 1186 1503 Tunc
1202 1438 1318 1503 ardere
1339 1440 1401 1502 im·

314 1543 445 1626 pulsus,
459 1541 612 1607 odiosam
625 1542 726 1605 vitam
741 1541 776 1604 iu
796 1557 909 1603 umore
924 1557 1121 1604 consumam
1134 1540 1251 1623 eoepit,
1264 1547 1298 1605 et
1311 1559 1399 1623 aegro

313 1644 437 1709 ferebat
452 1644 618 1707 ademtam
634 1642 808 1725 imperium
822 1638 1074 1722 Agamemnoni,
1095 1640 1229 1724 sibique
1242 1640 1399 1705 Palame-

316 1746 389 1810 dem
404 1744 633 1826 praepoaitum.
669 1743 792 1808 Amore
807 1746 958 1824 cogente,
971 1741 1119 1827 Phrygio
1131 1761 1229 1807 aervu
1243 1741 1397 1807 fidelissi·

314 1866 369 1911 ruo
384 1845 539 1908 mandata
554 1844 613 1909 dat
626 1843 762 1907 ferenda
775 1844 821 1907 ad
838 1843 1033 1907 Hecubam:
1056 1850 1090 1906 et
1111 1842 1154 1906 ab
1176 1862 1216 1906 ea
1236 1843 1302 1906 sibi
1314 1863 1399 1908 uxo·

315 1967 385 2011 rem
399 1946 528 2028 poscit:
548 1946 613 2010 bon
628 1946 658 2009 si
671 1945 801 2021 feeerit,
816 1964 854 2008 se
868 1963 944 2007 cum
960 1944 1032 2005 auis
1053 1936 1317 2027 Myrmidonibus
1338 1943 1399 2008 do·

315 2067 403 2113 mum
420 2045 609 2111 rediturum.
653 2044 846 2129 Quodnam
862 2045 935 2127 ipse
957 2043 1083 2121 lecerit,
1103 2050 1229 2107 aetem
1244 2051 1402 2127 queque*

250 2191 253 2195 Δ
315 2147 403 2211 idom
428 2147 585 2212 lauturus.
629 2146 754 2209 Seruus
777 2143 1013 2226 proficiscitur,
1039 2143 1083 2206 ad
1109 2142 1288 2207 Hecubam
1302 2144 1401 2219 veuit,

315 2247 474 2312 mandata
489 2247 587 2313 dicit:
611 2244 758 2309 Hecuba
772 2244 943 2327 respoudit
959 2262 995 2306 aa
1010 2242 1110 2320 velle,
1130 2242 1190 2306 sed
1212 2243 1243 2307 ai
1265 2243 1399 2307 Priamo

314 2345 388 2409 viro
403 2364 466 2409 auo
487 2347 639 2427 placeat:
661 2343 743 2408 dum
765 2345 840 2426 ipsa
861 2363 937 2407 cum
958 2343 1093 2408 Priamo
1107 2348 1194 2424 agat,
1214 2361 1330 2407 aeruna
1349 2362 1399 2405 re-
1453 2338 1461 2345 ’

314 2443 399 2506 uerti
408 2443 564 2525 jubetur:
588 2462 704 2507 servus
718 2444 810 2525 quod
836 2443 961 2526 egisset
981 2444 1105 2509 Achilli
1126 2442 1268 2507 nuntiat.
1308 2439 1399 2522 Aga·

314 2560 466 2605 memnon
481 2561 555 2606 euru
570 2562 689 2624 magno
705 2550 891 2619 commeatu
910 2546 953 2625 ad
977 2553 1089 2609 eastra
1102 2544 1281 2608 revertitur.
1325 2540 1398 2604 He·

317 2641 405 2705 cuba
420 2657 496 2703 oum
511 2639 646 2705 Priamo
662 2641 703 2704 de
719 2641 911 2707 conditione
925 2641 1089 2710 Achillis'
1103 2642 1260 2725 loquitur.
1302 2642 1398 2708 Pria·

314 2757 386 2802 mus
400 2738 584 2820 respondit,
598 2737 669 2802 lieri
684 2758 750 2804 uou
765 2760 886 2822 pesae:
908 2762 974 2807 uon
996 2742 1071 2807 ideo
1086 2742 1177 2825 quod
1196 2762 1271 2806 eum
1290 2741 1395 2808 affini·

312 2846 383 2903 tate
396 2836 562 2921 indiguum
576 2841 767 2923 existimet3
790 2843 850 2905 sed
865 2844 896 2906 ai
909 2845 942 2908 ei
954 2843 1093 2919 dederit,
1115 2851 1151 2906 et
1170 2843 1250 2907 ille⁵
1272 2843 1397 2908 discea-

313 2940 401 3016 aerit,
416 2944 547 3004 ceteros
562 2956 629 3005 nou
644 2940 873 3007 diaoesauros:
889 2948 923 3008 et
932 2943 1082 3026 iniquum
1093 2962 1179 3020 eoae,
1190 2943 1290 3008 filiam
1300 2961 1396 3006 suam

314 3039 401 3103 boati
412 3038 563 3121 jungere.
606 3041 819 3127 Quapropter
833 3044 863 3108 ai
878 3044 913 3108 id
927 3044 1000 3109 fieri
1015 3044 1125 3123 vellet,
1146 3062 1218 3128 pax
1232 3050 1397 3128 perpetua

314 3139 383 3218 fiat,
396 3147 432 3203 et
445 3143 611 3207 exercituo
627 3142 793 3222 discedat,
806 3142 942 3209 foederia
959 3144 1040 3229 jura
1061 3146 1264 3212 sauciantur.
1306 3143 1344 3209 Si
1358 3143 1396 3207 id

317 3241 443 3307 laetum
459 3243 514 3322 ait,
528 3261 565 3307 ae
578 3242 610 3306 ei
623 3242 761 3307 libenter
780 3242 884 3307 filiam
900 3243 1065 3310 daturum.
1109 3245 1229 3330 Itaque
1243 3264 1317 3310 eom
1329 3262 1397 3309 aer-

313 3358 377 3405 uua
391 3341 434 3405 ad
451 3342 627 3408 Hecubam
648 3344 769 3408 missua
788 3350 879 3408 esset
899 3344 943 3409 ab
962 3343 1102 3425 Achille,
1125 3347 1242 3413 eadem
1252 3345 1397 3413 Hecuba

762 3538 940 3562 mmeeueo

344 3664 360 3709 ⁴
378 3661 517 3724 ceteroque
529 3663 669 3729 beleb—tl
686 3668 980 3737 OmittiturilleDelpb.

798 3860 909 3913 ΝΟΤΒ

325 3967 412 4016 ’1Δά
431 3968 561 4030 apum
579 3969 630 4030 <iae
647 3972 748 4034 prosecta
766 3975 833 4040 mr]
905 3974 971 4025 'De
986 3974 1117 4025 maban
1129 3972 1241 4038 delitiis]
1269 3974 1322 4026 Hie
1336 3989 1396 4039 pro·

312 4041 384 4093 Nota
403 4054 516 4092 morem
534 4056 600 4093 anuo
616 4044 740 4097 mdeuute
751 4056 833 4100 eteo-
873 4048 1396 4115 prlaloqultur,idaaadecouditlouarb

313 4113 467 4165 damdiead
480 4116 728 4182 uertutrepulerum
739 4135 831 4174 coare·
870 4123 1078 4176 Aebilleoblrta.
1111 4123 1396 4185 Conditloauteurpre·

312 4188 393 4239 uiuat.
870 4200 928 4266 pria
938 4208 977 4253 ert
989 4201 1106 4268 quadem
1116 4200 1264 4264 neptium
1275 4198 1371 4263 noetio.
