3200 4978
287 398 353 464 842
730 401 937 453 Arrunurx.

292 567 447 630 accurato
456 558 589 642 judicio
604 555 815 620 emaculatus
830 557 956 638 pariter
969 561 1066 640 atque
1080 556 1273 634 illustratus,
1293 579 1378 636 eum,

292 667 326 728 in
342 679 408 744 quo
425 675 514 722 nunc
529 661 712 738 comparet,
730 655 939 737 splendorem
962 659 1106 740 accepit.
1150 658 1234 741 Ipsa
1252 680 1305 724 res
1318 661 1378 725 do-

200 769 201 774 ’
291 763 391 838 cebit,
414 766 449 822 et
471 757 631 842 subjectae
656 757 766 820 textui
790 762 891 835 notae,
915 759 995 842 quid
1024 760 1059 822 in
1081 759 1144 824 hac
1166 759 1310 824 editione
1335 762 1378 825 sit

289 859 490 944 praestitum,
516 857 682 941 adquam
711 854 829 921 Codex
853 857 966 924 Metus
988 857 1210 924 Bibliothecae
1232 860 1378 942 publica

291 960 590 1042 Argentoratensis,
604 957 685 1023 licet
703 957 778 1043 ipse
800 976 866 1022 non
879 961 1003 1046 ubique
1019 961 1115 1026 bonae
1129 967 1227 1038 notae,
1247 980 1307 1025 nec
1322 981 1378 1024 ve-

290 1063 428 1126 tustatis
444 1062 575 1144 primae,
589 1059 705 1123 multis
719 1065 828 1124 tamen
842 1060 876 1123 in
889 1061 977 1126 locis
990 1063 1096 1127 facem
1112 1059 1265 1145 praetulit.
1309 1061 1379 1125 Ac·

290 1163 392 1226 cessit
417 1159 533 1243 Dictyi
550 1159 685 1224 Daretis
709 1159 844 1244 Phrygii
859 1159 901 1224 de
923 1160 1068 1227 Excidio
1088 1161 1201 1246 Trojae
1216 1161 1378 1238 Historia,

291 1282 362 1339 seu,
377 1263 406 1326 si
417 1263 536 1339 mavis,
552 1260 719 1325 Periocha
733 1259 890 1325 carminis
905 1261 1010 1341 illius,
1022 1261 1284 1347 quodsexlibris
1293 1261 1378 1325 His·
1457 1329 1462 1337 ,

290 1363 408 1428 toriam
427 1361 468 1425 de
483 1359 580 1426 Bello
594 1359 744 1443 Trojano
759 1359 909 1437 exhibet,
924 1355 960 1426 et
976 1363 1119 1446 explosa
1126 1363 1199 1445 Jam
1213 1361 1342 1443 pridem
1356 1381 1378 1426 a

291 1464 401 1528 doctis
422 1461 649 1546 inscriptione,
668 1459 812 1526 Cornelii
835 1459 980 1544 Nepotis
1001 1481 1122 1527 nomen
1143 1461 1285 1546 praefert,
1299 1481 1378 1526 cum

290 1583 390 1628 verus
404 1563 475 1647 ejus
489 1568 603 1627 auctor
624 1562 671 1626 sit
691 1560 862 1645 Josephus
884 1561 1286 1640 Deronius,s.1ecanus,
1307 1561 1380 1625 An·

291 1665 382 1746 glus:
416 1682 548 1747 exque
574 1683 676 1748 opere
701 1663 731 1726 si
752 1662 1019 1728 consarcinatam
1038 1665 1116 1748 quis
1137 1663 1223 1727 hanc
1244 1663 1378 1728 Daretis

290 1783 423 1854 prosam
449 1764 585 1843 dixerit,
599 1765 698 1850 nobis
719 1785 786 1830 non
805 1762 904 1829 valde
928 1765 1045 1830 invitis
1064 1762 1099 1828 id
1123 1763 1190 1830 fiet.
1234 1761 1278 1828 Et
1300 1783 1378 1828 eum

289 1867 423 1951 quidem
441 1867 609 1945 Daretem,
623 1867 713 1952 quod
728 1867 890 1930 hactenus
905 1867 1100 1932 individuus
1112 1883 1224 1931 comes
1234 1865 1377 1948 Dictyos

290 1968 366 2047 init,
380 1968 485 2033 eidem
502 1987 590 2033 nunc
605 1987 738 2052 quoque
750 1968 927 2052 adjungere
941 1969 1049 2033 visum
1064 1973 1126 2046 est,
1138 1972 1270 2051 propter
1283 1985 1377 2048 argu·

290 2071 392 2135 menti
409 2069 671 2148 similitudinem,
688 2087 878 2153 quanquam
890 2075 1007 2133 cetera
1018 2068 1071 2132 illi
1081 2070 1275 2152 neutiquam
1288 2087 1378 2132 ccm-

290 2170 484 2254 parandum.
528 2170 569 2236 In
584 2179 657 2238 tota
670 2179 779 2238 entem
798 2170 861 2234 hac
880 2171 1031 2236 editione
1049 2170 1192 2255 Dictyos
1205 2169 1379 2252 Typogra-

290 2271 358 2354 pho
374 2277 409 2335 et
420 2272 519 2336 uobis
532 2291 573 2335 ea
585 2271 659 2336 sola
673 2291 754 2336 cura
773 2271 845 2349 tuit,
859 2275 898 2335 ut
912 2291 1013 2355 quam
1027 2270 1317 2336 emendatissimus
1332 2291 1379 2334 ex

291 2370 422 2433 officina
434 2371 596 2454 prodiret,
610 2379 648 2437 et
668 2373 831 2438 studiosae
847 2373 870 2438 J
872 2373 1041 2438 aventutis
1057 2371 1175 2436 usibus
1189 2385 1377 2435 accommo-

288 2468 404 2545 datus,
419 2469 612 2555 adjunctum
634 2473 735 2536 etiam
756 2472 894 2538 haberet
916 2472 1063 2538 indicem
1084 2487 1190 2534 rerum
1206 2475 1376 2534 atrocum

290 2567 562 2655 locutionumque
592 2573 818 2652 insigniorum,
847 2575 882 2638 in
910 2573 1131 2659 quibuscum
1159 2569 1376 2635 Sallustianae

290 2668 485 2735 imitationis
505 2691 572 2737 non
594 2673 739 2738 obscura
760 2684 946 2758 appareant
966 2674 1117 2756 vestigia,
1131 2673 1166 2736 in
1179 2671 1251 2750 illa,
1263 2671 1378 2756 quoad

292 2766 363 2832 lieri
377 2771 488 2851 potuit
504 2772 539 2836 in
558 2773 679 2851 indico,
694 2773 832 2857 digitum
850 2775 1064 2842 intendimus.
1106 2771 1281 2856 Siquidem
1296 2792 1380 2836 uon·

291 2871 371 2936 nihil
392 2872 494 2938 etiam
517 2874 580 2940 hoc
603 2875 647 2940 ad
669 2876 983 2942 commendationem
1007 2875 1150 2959 Dictyos
1165 2873 1278 2940 iacere
1292 2875 1379 2940 arbi·

292 2973 370 3037 mati
390 2977 518 3054 sumus,
533 2978 563 3042 si
584 2977 816 3060 ostenderetur,
831 2997 908 3044 eum
929 2997 1007 3042 cum
1030 2976 1167 3060 optimis
1186 2976 1379 3041 auctoribus

291 3075 397 3142 alieno
411 3077 492 3143 licet
504 3079 629 3145 saeculo
641 3079 792 3146 locutum
807 3097 896 3147 asse·
937 3075 1107 3161 Optamus
1121 3076 1210 3141 enim
1225 3076 1260 3140 in
1274 3077 1380 3140 mani·

290 3179 355 3243 bus
369 3177 457 3245 lruuc
472 3187 642 3246 auctorem
656 3199 740 3259 csse,
754 3201 795 3246 eo
809 3181 912 3246 etiam
926 3177 1073 3257 nomine,
1086 3176 1179 3261 quod
1192 3195 1245 3240 res
1258 3175 1377 3260 Trojaa·

290 3297 358 3360 nm,
373 3287 408 3346 et
420 3303 532 3348 earum
546 3284 688 3367 scriptor
707 3283 863 3367 proprius
886 3280 1067 3359 Homerus,
1080 3285 1173 3344 tanta
1193 3278 1270 3344 olim
1287 3277 1378 3362 apud

291 3396 406 3444 ornnes
421 3383 637 3452 aestimatione
660 3387 805 3463 luerunt,
824 3391 860 3450 ut
882 3401 979 3448 nemo
1000 3400 1068 3446 non
1090 3380 1379 3462 Persarumque

289 3484 324 3541 et
348 3477 508 3548 Oratores
534 3485 809 3570 Philosophique,
832 3484 996 3570 exemplis
1019 3490 1055 3548 et
1077 3481 1277 3565 argumentis
1302 3481 1380 3545 inde

290 3579 503 3662 potissimum
517 3589 665 3669 repetitis
678 3605 761 3653 suos
778 3586 884 3653 libros
903 3585 1126 3671 impleverint,
1141 3583 1265 3666 quibus
1284 3581 1381 3646 intel-

289 3677 526 3762 ligordanum
536 3688 699 3756 rarissimi
710 3691 824 3775 ipsum
837 3689 1021 3754 Homerum
1032 3683 1236 3768 legant,luec
1250 3682 1380 3748 iliados

291 3781 491 3863 compendia
509 3796 651 3866 possunt
673 3789 785 3856 lumen
799 3789 964 3873 praeierre.
1009 3785 1181 3852 Suasorim
1204 3785 1317 3867 itaque
1339 3803 1381 3848 ea

290 3881 446 3948 teneriori
467 3882 575 3950 adhuc
597 3889 773 3958 iuuentuti
797 3891 903 3974 prins,
927 3905 1026 3973 quum
1048 3889 1195 3972 reliquos
1215 3891 1382 3964 auctores,

293 3983 422 4052 rosus
451 3985 647 4066 cumprimis
677 3992 819 4068 evolvat,
843 3993 878 4056 in
904 4007 1023 4057 manus
1046 3989 1129 4054 dari.
1189 3985 1253 4052 Cui
1278 3988 1380 4052 etiam

291 4085 350 4148 lini
372 4086 458 4153 hanc
484 4103 598 4150 curam
622 4089 807 4172 impensam
831 4113 917 4169 esse,
940 4091 982 4158 Β.
1005 4091 1044 4154 L.
1065 4092 1152 4156 scias
1174 4090 1284 4154 velim.
1326 4088 1380 4152 'ru

290 4185 400 4252 studia
412 4187 485 4254 haec
501 4195 616 4256 nostra
629 4195 662 4255 et
677 4198 757 4258 rota
772 4195 853 4262 boni
866 4193 1014 4262 consule.
