3196 4976
298 391 363 459 192
643 404 805 475 prorsus
827 400 1036 455 cnnrnusrs

299 560 366 629 tus,
380 553 613 633 ingressusque
627 546 759 611 hostem
776 548 1018 631 complectitur,
1035 569 1134 615 mauu
1148 549 1264 615 dextra
1277 552 1384 636 popli-

299 662 363 716 tem
386 649 582 714 succidens:
605 666 672 731 quo
700 648 836 715 vumere
861 648 1081 730 debilitatum,
1108 658 1211 736 atque
1240 656 1385 718 exsectis

296 754 405 817 nervis
416 750 601 815 invalidum
614 749 792 833 propulsat
805 749 964 834 corpore,¹
986 759 1201 837 mentemque
1216 754 1384 820 interficit.

296 850 355 937 [8.]
378 850 481 930 Quod
503 852 562 915 ubi
585 851 846 916 animadvertere
860 852 997 936 'liojuni
1010 855 1069 937 qui
1091 854 1192 939 juxta
1216 859 1407 932 steterunt,

295 954 454 1037 gemitum
464 952 738 1034 magnoclumore
753 952 896 1031 tollunt,⁴
908 954 1101 1039 relictisque
1109 956 1278 1021 ordinibus
1292 956 1385 1037 signo

297 1055 390 1131 dcto,
405 1072 496 1118 arma
509 1053 543 1116 in
558 1052 748 1117 Patroclum
762 1058 897 1133 vertunt,
912 1054 1044 1120 scilicet
1057 1055 1261 1140 Sarpedonis
1275 1056 1385 1121 iuteri-

296 1162 366 1220 tum
381 1154 553 1237 publicum
564 1153 693 1218 cladem
707 1155 779 1218 ruti.
811 1151 858 1217 At
870 1153 1062 1233 Patroclus,
1078 1158 1224 1238 praeviso
1237 1156 1384 1221 hostium

296 1257 440 1339 agmine,
455 1256 559 1320 telum
573 1257 719 1338 positum
734 1256 825 1320 humi
839 1275 981 1339 propere
996 1257 1096 1341 rapit,
1109 1257 1383 1340 compositusque

296 1358 331 1420 in
343 1357 473 1421 arrnlsm
487 1356 661 1422 audentius
669 1357 809 1422 resistit.
830 1355 938 1421 'Pom5
952 1358 1157 1438 ingruentem
1167 1356 1383 1440 Deiphobum

296 1461 393 1524 hasta
406 1460 557 1523 cominus
570 1458 688 1522 tibiam
703 1456 790 1535 ierit,
807 1464 906 1541 atque
928 1456 1093 1522 excedere
1119 1477 1165 1522 cx
1186 1458 1260 1522 scie
1284 1457 1383 1538 cogit,

296 1557 466 1624 interfecto
491 1560 584 1642 prius
607 1555 875 1639 Gorgithione⁶¹
899 1558 1001 1624 nuce
1026 1558 1118 1642 ejusz
1144 1578 1254 1641 neque
1277 1559 1383 1622 multo

296 1667 383 1742 post,
412 1659 554 1724 adventu
578 1658 697 1743 Ajucis
718 1659 783 1724 iusi
804 1659 931 1743 reliqui.
977 1658 1063 1725 Cum
1084 1660 1214 1725 interim
1237 1658 1383 1736 Hector,
1424 1666 1428 1674 ’

295 1759 538 1844 edoctusque
564 1759 770 1838 occiderunt,
795 1763 992 1844 supervenit,
1014 1780 1056 1827 ac
1080 1779 1161 1826 mox
1186 1777 1384 1824 conversum

296 1878 434 1935 suorum
447 1861 555 1925 aciem
570 1880 633 1944 pro
647 1869 796 1944 tempore
809 1861 965 1939 restituit,
980 1862 1163 1945 increpatis
1177 1860 1331 1937 ducibus,
1343 1878 1385 1923 uc

261 2030 269 2039 ,
295 1960 461 2044 plerisque
484 1980 528 2025 ex
549 1960 630 2041 iuga
647 1961 809 2025 reductis.
853 1959 907 2024 Itu
923 1961 1102 2044 presentia
1115 1960 1189 2044 ejus
1205 1958 1308 2025 animi
1322 1958 1386 2022 tol·

295 2060 418 2139 luntur,
431 2066 464 2126 et
477 2061 632 2144 proelium
646 2060 845 2126 incenditur.
888 2060 978 2125 'rum
990 2079 1071 2126 vcro
1085 2060 1218 2144 iuclytis
1230 2076 1276 2123 ex
1297 2064 1387 2123 utra·

296 2182 363 2245 que
377 2169 471 2247 purte
481 2162 620 2228 ducibus
631 2162 824 2226 confirmato
835 2163 986 2228 exercitu
996 2163 1172 2246 confligunt
1181 2164 1287 2239 acies,
1297 2179 1386 2225 nuuc

295 2261 372 2324 hinc
387 2282 474 2326 nunc
490 2263 566 2327 inde
581 2263 782 2327 cedentibus
808 2263 988 2340 instantes,
1003 2271 1038 2327 et
1052 2263 1109 2327 ubi
1131 2264 1224 2327 ecies
1245 2268 1386 2325 nutave-

294 2365 358 2433 rat,
373 2359 539 2439 praesidiis
555 2361 818 2423 accurrentibus.
859 2359 993 2433 Interes
1015 2362 1189 2441 utriusque
1216 2361 1384 2422 exercitus

295 2456 417 2520 cudunt
429 2458 574 2538 plurimi,
582 2476 689 2540 neque
703 2458 838 2521 fortuna
847 2456 927 2520 belli
942 2464 1098 2522 mutatur.
1121 2458 1191 2520 Sed
1204 2462 1384 2540 postquem

294 2556 389 2621 miles
403 2556 618 2638 permultum
632 2556 717 2620 diem
729 2558 819 2621 bello
834 2558 991 2634 intentus,
1006 2555 1112 2639 magis
1121 2557 1293 2639 magisque
1305 2556 1385 2620 iati-

295 2656 446 2740 gabatur,
459 2661 492 2721 et
502 2656 570 2720 diei
583 2675 703 2739 vesper
716 2661 799 2733 erat,
810 2654 961 2739 utrisque
974 2657 1192 2738 cupientibus,
1204 2676 1315 2741 pugna
1327 2657 1383 2720 de·

294 2774 437 2820 cessum.
487 2754 575 2819 'l'um
603 2756 695 2840 opud
720 2754 858 2839 'l'rojum
881 2755 974 2820 circa
989 2755 1191 2839 Sarpedonis
1216 2756 1383 2822 cadaver⁰

295 3049 407 3110 Mullum,
428 3049 636 3113 Animum-l
653 3050 750 3115 Delpla
770 3051 862 3113 gemilu
880 3066 965 3113 megae
982 3051 1105 3101 clamem
1126 3051 1267 3100 reduc-s
1284 3050 1384 3113 Delplr.

293 3116 408 3164 tuna-6
425 3114 517 3177 Vulgo,
528 3113 729 3177 Corgntimel
746 3115 842 3180 Delph.
860 3129 907 3165 m
923 3132 947 3165 u.
957 3131 978 3166 c.
989 3130 1014 3164 o.
1027 3117 1057 3165 ds
1074 3115 1175 3165 interm
1191 3114 1383 3164 Pumidmmt

784 3270 893 3324 NOTAE

293 3379 445 3431 subridem’
477 3385 531 3433 Per
539 3399 610 3436 unus
620 3393 707 3437 nutem
716 3387 820 3449 proprie
859 3388 1080 3449 pugun'l'eucro
1090 3387 1204 3437 occisum
1221 3386 1293 3451 dicit,
1311 3388 1343 3437 ll.
1354 3394 1383 3438 ο.

293 3454 414 3517 clypeum
424 3456 550 3521 intellige,
562 3466 591 3510 ut
602 3468 631 3510 rt
640 3463 666 3510 iu
676 3460 718 3508 illo
729 3460 820 3521 virgil.
859 3463 917 3510 tot.

292 3526 350 3581 “At
367 3529 478 3578 horum
496 3534 560 3582 socii
581 3535 725 3583 munimem
742 3547 820 3597 super
890 3541 902 3567 ⁰
920 3535 1265 3600 circumducendum]
1289 3538 1383 3587 Vernus

294 3601 513 3653 crmuferebsut’
546 3605 776 3671 Etnlllsiquoquu.
858 3608 1383 3673 unmmmojursupeuouuesra·

335 3674 488 3740 wemno
503 3681 611 3743 mere]
638 3682 754 3746 Corpore
772 3697 819 3734 suo
858 3697 904 3733 ver
922 3699 937 3734 c
955 3695 1047 3744 cumpo
1067 3694 1119 3730 nou
1140 3691 1282 3746 potnerunt
1302 3695 1384 3738 retru-

292 3764 352 3803 oum
363 3752 485 3815 propellit
496 3754 644 3804 Patroclus.
856 3758 928 3817 here,
936 3756 981 3807 scd
991 3755 1018 3805 iu
1027 3762 1156 3818 munaum
1162 3760 1314 3812 Grncorum
1326 3779 1383 3825 per·

213 3892 216 3900 Ι
325 3833 342 3859 “
352 3828 726 3896 eommamfflir
736 3841 818 3883 ‘cusr-
857 3832 1012 3896 musit,qul
1022 3831 1085 3881 lllod
1096 3836 1285 3899 exspoliarunt.
1300 3838 1335 3888 Et
1346 3838 1384 3888 Α·

294 3916 390 3967 ponere
400 3919 428 3954 se
446 3904 472 3954 in
489 3905 584 3963 usmis?
600 3905 679 3969 diclt3
696 3909 818 3973 quodsu-
856 3909 925 3972 pollo
936 3915 1026 3971 poster
1036 3915 1143 3959 unctum
1152 3911 1281 3962 mbredr
1297 3920 1326 3962 st
1336 3913 1382 3963 inr-

293 3993 351 4043 pru,
362 3980 499 4043 ‘colligere
510 3994 538 4031 sc
549 3981 575 4030 in
586 3981 675 4032 arur!
857 3982 1006 4033 mostrlibus
1029 3985 1144 4035 ruribus
1170 3986 1288 4038 indutum
1309 3989 1383 4039 dedit

325 4061 337 4086 ⁸¹
353 4054 520 4118 corsuum]
543 4056 641 4118 Scribe,
659 4056 817 4121 ‘Gorgytlrl
857 4058 953 4109 flomuo
963 4066 989 4109 et
999 4059 1080 4111 Morti
1090 4061 1123 4111 ud
1135 4063 1238 4126 Lycium
1249 4062 1382 4128 perferen·

294 4129 362 4181 cne'
375 4128 509 4193 rmntios.
521 4130 600 4182 iloni.
610 4131 644 4185 ll.
655 4139 685 4183 Δ.
695 4131 817 4196 ΑροΙΙοᾶ.
857 4132 935 4197 dum3
953 4136 997 4188 ubl
1007 4152 1024 4186 u
1033 4138 1085 4189 suis
1095 4138 1223 4203 sepultum
1234 4146 1283 4191 est.

293 4204 338 4257 uu
357 4218 400 4258 nr.
432 4206 484 4258 Sed
503 4221 561 4259 curu
581 4206 708 4260 Homerus
724 4208 750 4260 in
766 4208 817 4261 sur
