3010 4978
558 337 680 385 som
705 334 858 384 TROIGA·

486 569 601 637 XXI.
643 566 937 635 Pammeni.

569 701 646 765 Lis.
661 719 696 765 ι.
717 701 807 766 Gir.
820 704 855 765 o.

162 827 174 857 ‘
190 820 414 903 Cognoseunt
427 818 469 882 ab
482 817 648 882 Antenore
661 818 788 883 editum
803 816 971 900 qnondam
984 817 1157 882 oraculum
1168 817 1251 884 'l'ro-

201 921 309 1004 janis,
323 917 467 982 maximo
481 916 586 981 exitio
608 917 738 981 civitati
758 916 845 991 fore,
860 916 891 979 si
907 915 1097 983 Palladium
1110 919 1201 1002 quod
1215 921 1251 983 in

208 1019 337 1103 templo
353 1018 514 1083 Minervae
529 1023 634 1093 esset,
649 1023 745 1080 extra
758 1015 888 1080 moenie
900 1015 1090 1081 tolleretur?

208 1134 267 1200 Ds
281 1135 505 1218 'Irojanorum
516 1130 673 1195 Palladio
687 1131 781 1195 multi
791 1130 907 1197 multe.
939 1130 1061 1197 Omnia
1074 1136 1254 1219 compilare

159 1236 358 1301 laborasset
379 1232 580 1298 Herculeus·
624 1230 750 1294 Saltem
764 1229 936 1296 dubitant:

203 1353 228 1399 1.
251 1335 360 1420 Cujus
377 1334 414 1398 id
436 1333 594 1415 omginis:
617 1338 695 1395 sunt
709 1331 798 1401 enim
812 1332 871 1414 qui
891 1351 910 1395 e
924 1331 1012 1398 ooelo
1025 1333 1061 1396 in
1074 1334 1253 1401 Pessinun.

160 1444 242 1513 tem,
255 1436 411 1519 Phrygiae
424 1435 552 1511 urbem,
567 1432 742 1516 delapsum
757 1430 903 1497 credant
947 1431 1129 1500 Herodian.
1145 1452 1170 1499 1.
1182 1437 1249 1502 35..

209 1552 252 1599 11.
273 1535 379 1621 cajus
405 1535 573 1600 materiae:
601 1534 730 1618 quippe
759 1538 849 1612 sunt,
878 1533 962 1597 inter
990 1554 1075 1618 quos
1098 1536 1254 1605 Clemens

162 1634 423 1714 Alexandrinus,
437 1636 496 1719 qui
521 1655 567 1699 ex
588 1635 724 1700 ossibus
737 1632 878 1718 Pelopis
891 1632 1016 1699 iactum
1032 1636 1254 1720 contendunt3

163 1756 275 1805 verum
303 1736 451 1819 ligneum
478 1734 584 1800 inisse
610 1735 726 1800 volunt
762 1735 966 1819 Scriptores,
995 1733 1031 1798 in
1054 1732 1254 1804 Annotatio-

161 1838 262 1900 nibus
286 1835 431 1900 inferius
451 1836 561 1912 citati,
580 1834 657 1899 193.
682 1834 853 1918 lapideum
882 1835 967 1900 dicit
988 1824 1189 1921 Procopius,
1211 1838 1253 1903 B.

165 1936 270 2000 Goth.
281 1950 307 1999 ι.
318 1935 377 1997 le.

215 2049 275 2094 ιιι.
296 2030 467 2095 Anloerit
481 2034 572 2093 stans
585 2031 639 2093 vel
653 2028 775 2095 sedens
789 2036 905 2097 statue
947 2033 1106 2119 Namque
1116 2042 1257 2111 stantem

172 2130 250 2194 sive
280 2129 508 2193 ambulantem
532 2128 637 2192 eredit
664 2127 896 2214 Apollodoms,
911 2148 966 2199 111.
984 2134 1158 2202 sedentem
1180 2124 1257 2205 vero

170 2229 316 2296 affirmat
329 2227 463 2305 Strabo,
480 2243 568 2291 ιιιιι.

208 2328 349 2394 Interim
361 2326 420 2412 (de
435 2328 590 2392 Palladio
603 2327 679 2392 vide
692 2336 823 2407 caetere,
839 2331 913 2397 190.
928 2335 1055 2420 citata)
1071 2338 1136 2404 fuit
1149 2339 1256 2407 fetum

162 2429 286 2514 Trojae.
308 2428 452 2512 Dionys.
476 2428 650 2494 Halicarn.
666 2446 691 2493 1·
711 2429 766 2494 69.
791 2428 894 2497 ovid.
912 2449 1000 2499 xiu.
1028 2437 1165 2504 Melam.
1178 2438 1255 2506 390.

164 2531 267 2597 Silius
283 2544 375 2591 xur-
396 2528 555 2592 Pnnicor.
568 2529 621 2595 50.
640 2536 675 2596 et
695 2549 776 2595 mox
796 2531 930 2611 Rome,
945 2535 991 2599 eb
1005 2536 1116 2603 AEnee
1137 2541 1171 2604 in
1186 2540 1257 2605 lta*

163 2630 240 2695 liam
255 2629 462 2693 translatum.
484 2628 631 2693 Pensen.
645 2630 681 2694 in
706 2630 858 2696 Corinth.
882 2631 1026 2717 Dionys.
1041 2637 1122 2703 Hal.
1138 2656 1180 2703 11.
1199 2640 1255 2704 67.

165 2729 236 2795 cic.
253 2745 297 2793 ιι.
325 2726 475 2811 Philipp.
499 2729 553 2793 10.
575 2729 701 2793 Lucan.
730 2745 787 2793 rx.
813 2731 969 2796 Pheraei.
991 2735 1066 2798 994.
1090 2735 1190 2802 ovid.
1206 2756 1254 2805 ιι.

167 2829 261 2895 Fast.

206 2930 365 3013 Denique
379 2927 671 2994 nonomittendum
687 2927 780 3008 qnod
796 2925 1007 3009 Pherecydes
1019 2927 1130 3001 hebet,
1145 2950 1167 2994 a
1179 2931 1257 2997 Pel-

162 3030 238 3095 lede
253 3049 371 3095 omnes
390 3028 563 3110 imagines,
579 3045 657 3108 qum
672 3032 739 3088 non
753 3025 907 3089 manibus
927 3025 1028 3089 factm
1042 3031 1108 3091 ete
1122 3026 1213 3091 coelo
1226 3032 1259 3094 in

163 3138 286 3195 terram
299 3128 454 3213 dejecte,
470 3127 582 3191 dietas
596 3143 674 3189 esse
689 3122 874 3188 Palladias.

222 3230 305 3294 Hoc
322 3236 435 3294 eutem
457 3225 651 3291 Palladium
673 3229 824 3288 noenum
846 3230 941 3287 este
963 3223 1089 3308 vulgari
1114 3225 1258 3294 Domiti·

172 3328 228 3392 ani
254 3328 340 3412 Imp.
362 3328 524 3405 Nummo,
550 3326 641 3410 apud
669 3322 1014 3408 Oudeno-Oynelinm,
1043 3328 1096 3392 59.
1117 3324 1202 3397 Tae.
1224 3334 1254 3397 1.

174 3424 279 3490 Num.

452 3598 585 3665 XXII.
627 3598 979 3668 ANDROMAGHE.

562 3733 642 3797 Ine.
658 3751 691 3796 v.
713 3732 802 3797 Gar.
816 3734 869 3799 18.

249 3858 486 3944 ‘mimum
498 3885 570 3935 sors
581 3867 636 3948 egl
649 3874 773 3951 coepte,
789 3874 888 3951 etque
898 3868 947 3933 ita
961 3866 1181 3952 Neoptolemo

575 3966 833 4035 Andromaeia’

210 4078 490 4147 Alienorum
503 4079 572 4148 fllia
590 4090 662 4149 eret
683 4084 843 4161 Eetionis,
860 4084 934 4167 (qui
948 4101 1008 4148 rex
1023 4081 1178 4160 Cilicum,
1201 4082 1260 4164 qoi
