3208 4968
673 451 883 501 arrurrurx.
1055 422 1058 428 ’
1256 440 1321 505 349

232 610 335 689 atque
349 605 382 669 iu
397 603 540 689 Epilogo
553 618 607 667 ιιι.
621 601 769 685 ejusdem
783 600 938 685 Vegetii:
954 602 1013 666 eod
1024 600 1059 666 hi
1073 609 1228 668 auctores
1243 614 1322 671 sunt

231 712 326 771 extra
347 722 458 770 aevum
481 709 686 788 argenteum:
710 710 748 767 ut
764 703 907 781 mittam,
930 703 993 767 hos
1006 704 1209 769 vocabulum
1223 724 1320 771 usur-

234 824 316 890 pare
330 804 571 887 significatione
585 811 714 882 neutra,
724 810 828 887 atque
837 804 908 869 aine
921 822 1004 868 casu
1016 803 1187 887 adjuncto,
1199 805 1321 891 Dictyn

234 925 293 973 aeu
315 904 511 989 Septimium
532 904 670 989 passiva
690 910 724 970 et
744 922 828 968 casu
859 904 1052 982 comitante,
1081 905 1171 989 quod
1200 925 1322 972 uorum

234 1007 364 1093 utique,
385 1011 419 1071 et
438 1004 538 1089 hujus
559 1004 702 1091 auctoris
724 1011 953 1069 commentum.
1006 1004 1132 1069 Iterum
1158 1020 1186 1069 r.
1209 1004 1323 1085 ‘Quis

234 1107 394 1192 perfectis
407 1106 585 1189 puretauu
600 1105 744 1171 Martem
764 1110 866 1188 atque
887 1103 1110 1170 Concordiam
1131 1105 1244 1170 multis
1263 1107 1324 1170 im-

234 1206 470 1273 molationibus
484 1205 548 1271 sibi
563 1205 842 1290 adhospitavore!
880 1204 924 1270 Et
937 1223 1038 1270 moxz
1054 1206 1124 1271 ‘ite
1136 1225 1197 1290 per
1209 1224 1324 1291 aequa·

234 1308 360 1373 tionem
385 1306 515 1371 numeri
545 1311 647 1392 atqua
674 1305 819 1389 partium
855 1304 1113 1390 quadripartitur
1137 1308 1325 1373 exercitus'

234 1407 262 1492 (⁶
272 1407 528 1494 quadripartitur
537 1408 546 1435 '
556 1416 668 1473 tamen
681 1406 825 1472 melioria
833 1405 984 1487 reticet).
1000 1423 1039 1471 rr.
1051 1409 1062 1440 ⁴
1073 1404 1213 1492 Egregie
1226 1409 1325 1474 nobis

237 1516 350 1574 actum
364 1514 417 1573 est
426 1507 447 1589 ς’
466 1528 527 1592 pro
541 1509 726 1575 nobiscum·
763 1505 893 1573 Eodem
907 1506 1012 1574 libro:
1029 1507 1115 1574 ‘Uti
1129 1510 1325 1593 interposita

230 1608 445 1694 jurisjurandi
467 1609 624 1693 religione
646 1607 887 1685 confirmarent,
904 1626 1113 1693 nequaquam
1136 1629 1173 1676 ee
1193 1611 1324 1675 obeam

236 1727 372 1775 causam
386 1708 532 1778 offendi?
575 1709 729 1776 Ibidem:
754 1707 824 1772 ‘At
845 1709 903 1773 ubi
925 1710 958 1773 iu
980 1727 1097 1774 manua
1111 1716 1243 1792 verutum
1260 1719 1325 1786 est,

237 1811 398 1878 cohortati
412 1831 493 1878 suos
508 1814 654 1897 quisque
670 1813 743 1874 acie
760 1809 940 1875 conflixere
952 1810 972 1890 3'
994 1828 1055 1891 pro
1066 1811 1109 1875 ad
1122 1832 1250 1877 marrus.
1280 1813 1325 1876 Et

239 1910 442 1996 quibusdam
455 1911 655 1992 interjectis:
678 1913 689 1944 ⁴
701 1908 750 1972 At
763 1909 822 1971 ubi
834 1910 930 1972 novis
940 1908 1068 1990 jaculis
1082 1930 1200 1976 manua
1214 1914 1325 1977 redar-

236 2015 338 2072 mater
348 2011 584 2089 auut,pergunt
593 2004 727 2070 contra.'
739 2004 909 2068 rv.‘Deiu
919 2005 1092 2090 plurimos,
1100 2009 1152 2073 uti
1160 2028 1325 2092 quemquo

238 2108 326 2170 iutra
350 2105 451 2169 telum
471 2103 657 2181 iecerunt,'⁶
683 2102 918 2186 [interficiunt]
943 2123 1006 2187 pro
1028 2108 1089 2170 ‘ut
1112 2108 1254 2190 quiaque
1276 2108 1320 2172 ad

239 2206 298 2271 teli
318 2204 450 2288 jactum
470 2205 682 2290 pervenerat'
737 2203 781 2268 Et
803 2212 1036 2288 postpauca:
1059 2206 1244 2291 ‘Tuncque
1277 2228 1328 2273 re·

240 2301 419 2371 flentibusd
434 2306 565 2370 cunctis
574 2304 716 2370 ducibus
726 2314 843 2369 casum
859 2305 944 2370 tanti
956 2305 1031 2383 viri,
1039 2307 1173 2390 plurimi
1187 2308 1327 2373 militum

238 2404 331 2471 haud
345 2404 467 2484 dolore,
481 2425 603 2489 neque,
618 2406 668 2471 uti
682 2426 737 2471 res
751 2408 972 2489 exposcebat,
987 2406 1119 2472 tristia⁶
1138 2427 1328 2474 commove·

239 2506 291 2571 ri?
333 2505 482 2570 Tandem
497 2524 612 2571 versus
625 2506 722 2571 finem
737 2506 887 2590 ejusdem
906 2507 1003 2572 libri:
1027 2508 1141 2574 ‘Dein
1155 2509 1327 2593 subjungit

241 2603 480 2670 Laomedontia
493 2605 667 2670 adversum
680 2604 859 2671 Herculem
878 2606 1038 2673 famosam
1052 2607 1257 2694 perjurium,f
1277 2613 1328 2675 in·

242 2716 454 2792 secutamque
468 2710 542 2794 ejus
557 2710 993 2795 atqueregnieversionem!
1026 2727 1076 2776 vr.
1097 2711 1248 2779 ‘Salutis
1270 2732 1327 2778 an-

242 2809 433 2875 choralibus
443 2818 457 2857 ⁸
468 2811 624 2894 navigant
634 2808 655 2891 3’
669 2830 732 2895 pro
745 2812 909 2876 anchoris.
937 2812 1004 2877 Sed
1020 2811 1101 2895 quid
1116 2815 1235 2878 attinet
1245 2814 1279 2879 in
1290 2834 1326 2880 re

241 2911 380 2995 liquida,
396 2918 431 2977 et
451 2911 606 2978 confessa
627 2912 728 2977 verba
749 2910 894 2994 perdere,
909 2929 986 2974 cum
1008 2912 1110 2977 dictio
1130 2914 1206 2997 ipsa
1221 2934 1328 2981 aevum

244 3012 416 3078 obscurius
431 3011 599 3079 fateatur?

277 3230 289 3254 ⁶
306 3223 335 3271 t..
346 3220 420 3271 ierit.
810 3220 936 3285 Apparet.
952 3218 1022 3269 Scct.
1032 3221 1057 3270 t.
1067 3231 1087 3268 r.
1099 3222 1154 3269 lit.
1175 3218 1273 3271 Ludor.
1285 3222 1330 3272 vi-

279 3292 292 3325 *
309 3294 341 3344 1..
352 3291 514 3345 deflectitur·
810 3295 902 3346 verde
924 3291 1054 3344 traderet·
1071 3292 1218 3357 Diroiptiuir
1234 3307 1261 3344 r.
1272 3302 1330 3348 tot.

280 3371 293 3398 ⁴
308 3367 338 3416 ir.
348 3366 463 3418 trirtitir.
809 3369 936 3420 Ferarud.
955 3369 988 3418 de
1005 3369 1124 3419 corum
1139 3369 1165 3419 iu
1184 3370 1332 3423 Didmcrtir

283 3438 292 3472 ¹
306 3440 336 3492 1..
347 3438 447 3491 femora
464 3442 585 3507 perjuria·
809 3445 1000 3510 multiplicato.
1020 3444 1203 3507 Gissaimmiur
1212 3447 1330 3501 adrirrur

282 3513 538 3579 ‘nuperimunt
811 3521 1008 3574 Doriadmtt.

282 3587 419 3640 Audacter
434 3589 560 3643 Antoniur
572 3590 728 3643 Poaraviuur
745 3592 770 3643 iu
