3196 4976
349 480 358 493 ,
479 426 528 474 us
551 425 670 474 nunno
692 422 865 473 ruotruo
889 422 962 470 ure.
986 418 1044 470 rvr
1221 406 1289 474 283

199 570 302 635 ieciie
314 562 621 645 scuto'tiecutiens,'
641 566 728 631 bend
750 565 882 648 segnius
895 563 1089 629 imminere.v
1131 562 1288 649 Denique

201 669 394 736 Philocteta
413 688 486 747 eos,
502 670 560 751 qni
584 670 619 732 in
641 668 742 731 moris
760 665 862 730 locati
876 671 979 743 orant,
1001 646 1130 729 emilius
1154 666 1289 746 sagittis

201 770 390 853 proturbat,
416 770 542 833 multos
561 768 728 833 interficit.
780 765 900 849 Neque
926 784 1024 831 sams
1050 786 1072 830 a
1093 766 1232 851 reliquis
1254 767 1288 830 in

200 874 296 953 parte
310 870 378 933 alie
389 888 444 932 res
458 874 574 947 geste.
616 866 727 952 Attpne
742 887 784 932 eo
799 867 854 931 die
874 860 993 930 eicise
1005 882 1188 950 eversaque
1200 882 1285 931 moe-

72 1030 77 1039 ,
199 971 257 1033 nia
271 969 416 1033 bostium
438 969 555 1045 forent,
571 969 605 1032 ni
619 986 689 1032 nox
707 969 777 1051 Jem
797 969 956 1047 ingruens
970 970 1104 1029 nostros
1119 968 1162 1029 ab
1175 967 1287 1048 incep-

201 1075 238 1134 to
255 1069 471 1134 cohibuisset.
514 1067 583 1146 Qui
597 1070 660 1133 nbi
670 1068 714 1134 ad
729 1087 829 1133 nares
844 1067 986 1147 regressi
1002 1074 1092 1143 suot,
1114 1067 1183 1132 laeti
1206 1066 1286 1131 Phi·

201 1171 337 1235 loctetae
363 1169 581 1245 facinoribus,
604 1177 640 1234 et
666 1172 710 1234 ob
737 1170 771 1233 id
794 1167 974 1232 maximam
998 1170 1111 1233 animo
1132 1166 1286 1232 fiduciam

201 1278 382 1352 gestantes,
396 1288 526 1334 summo
539 1270 653 1335 favore
667 1288 707 1334 eo
721 1269 878 1333 laudibus
890 1268 1009 1333 ducem
1024 1269 1202 1334 celebrant.
1218 1266 1288 1345 Qui
1398 1284 1400 1293 ’

200 1371 302 1435 simul
316 1388 391 1435 curn
407 1370 494 1447 luce,
509 1369 680 1454 adjunctis
695 1371 759 1434 sibi
774 1369 913 1453 reliquis
924 1369 1078 1447 ducibus,
1087 1365 1121 1433 in
1135 1368 1287 1452 proelium

199 1490 364 1552 egressus,
377 1471 490 1535 hostes
504 1480 598 1535 metu
621 1472 674 1535 sui
697 1470 783 1535 adeo
798 1469 967 1547 deterruit,
989 1478 1027 1536 nt
1043 1471 1099 1534 rix
1115 1490 1154 1535 se
1168 1470 1288 1534 moeni·

200 1571 266 1634 bus
280 1571 498 1637 defensarent
541 1571 623 1654 [il]
646 1572 781 1636 Interim
803 1569 1050 1655 Neoptolemus
1070 1571 1161 1655 apud
1178 1579 1288 1635 tumu-

200 1669 269 1733 lum
284 1669 438 1749 Achillis,
453 1681 635 1757 postquam
652 1672 684 1736 in
699 1677 869 1736 auctorem
892 1677 1038 1754 paternus
1059 1671 1163 1735 caedis
1179 1670 1288 1735 vindi-

202 1778 314 1835 caturn
331 1781 396 1849 est,
411 1774 541 1838 initium
557 1771 691 1854 lugendi
705 1768 818 1847 sumit,
838 1776 874 1834 et
893 1789 960 1835 unu
974 1790 1051 1836 oum
1070 1771 1226 1838 Pisoenice
1239 1780 1288 1837 at·

201 1889 266 1953 que
281 1872 369 1935 omni
384 1871 634 1954 Myrmidonum
648 1872 809 1939 exercitu,
824 1888 939 1933 comm
953 1871 1106 1952 sepulcro
1118 1871 1288 1955 deponit,'

200 1975 441 2052 pemoctetque
462 1972 496 2033 iu
516 1971 618 2035 loeo.¹
661 1970 725 2033 Per
745 1969 834 2033 idem
857 1976 990 2050 tempus
1011 1968 1074 2033 lilii
1088 1969 1288 2045 Antimachi

201 2068 246 2130 de
269 2084 339 2149 quo
362 2084 463 2148 snpm
483 2067 763 2144 memoravimus,¹
786 2066 937 2150 edJuncii
964 2066 1091 2130 Priami
1110 2068 1223 2142 rebus,
1244 2067 1290 2131 ed

89 2239 102 2251 ¹
202 2163 378 2229 Helenum
389 2167 683 2248 venientemque
698 2172 735 2230 nt
749 2164 793 2230 ed
803 2165 984 2229 amicitiam
997 2185 1076 2231 cum
1085 2166 1156 2230 suis
1165 2165 1290 2244 redeat,

203 2263 388 2348 deprecati,
404 2265 462 2330 nbi
476 2264 558 2329 nibil
572 2265 760 2349 proliciunt,
773 2265 817 2331 ad
829 2285 909 2329 suos
924 2273 1118 2344 remeantes,
1134 2266 1290 2332 Diomedi

143 2386 146 2389 ·
202 2369 305 2447 atque
332 2361 433 2446 Ajeci
461 2365 581 2430 elteri·
616 2365 741 2430 itineris
765 2364 876 2430 medio
904 2375 1100 2431 occurrunt:
1136 2367 1181 2430 ab
1210 2366 1287 2451 quis

199 2463 444 2547 comprehensi,
460 2463 678 2549 perductique
692 2466 737 2531 ed
751 2485 867 2542 naves,
882 2467 1019 2549 quinum
1034 2474 1154 2545 essent,
1168 2473 1202 2532 et
1217 2470 1286 2532 reni

197 2566 243 2630 ob
258 2583 358 2648 quum
374 2571 529 2629 reuerent
549 2585 681 2630 omnem
703 2566 899 2651 expediunt.
941 2567 1026 2631 Tum
1046 2567 1211 2633 recordati
1224 2587 1288 2650 pu·

199 2663 261 2728 tris
282 2682 406 2740 eorum,
428 2669 463 2727 et
484 2684 560 2748 quae
582 2664 756 2730 adversum
776 2666 908 2750 legatos
929 2662 1061 2745 dixerit,
1082 2668 1287 2752 molitusque

201 2763 258 2842 sit,
273 2763 358 2829 uadi
370 2781 433 2828 eos
448 2764 678 2847 popularibus,
693 2770 795 2849 atque
808 2771 885 2831 unte
899 2773 1115 2851 conspectum
1128 2767 1287 2833 burburc-

200 2881 271 2927 rum
285 2863 429 2947 produci
438 2864 572 2946 jubent,
587 2865 663 2929 dein
677 2866 847 2949 lapidibus
860 2867 992 2952 injectio
1005 2869 1129 2933 necari.
1150 2868 1288 2933 interim

200 2959 383 3028 Alexandri
396 2963 494 3029 funus
503 2972 517 3000 ⁸
538 2983 599 3047 per
613 2972 744 3047 partem
759 2966 882 3029 eliam⁵
904 2965 948 3030 ad
962 2966 1146 3041 OEnouem,
1159 2984 1236 3048 quae
1257 2967 1288 3029 ei

690 3160 796 3213 ΝΟΜ

233 3262 247 3286 “
263 3254 342 3304 Furii·
351 3260 417 3304 est·
426 3256 556 3321 Mers]
572 3257 658 3322 Super
670 3270 724 3307 mc-
764 3269 848 3306 meum
857 3254 1003 3319 conjectari
1012 3253 1074 3303 illud
1083 3250 1180 3316 llyurn.
1189 3251 1216 3301 iu
1225 3250 1289 3301 Dir-

203 3326 263 3375 ton
273 3329 333 3378 telis
347 3329 519 3392 percutiar,
535 3333 581 3383 sed
592 3347 625 3383 ee
635 3342 724 3383 temen
764 3343 840 3379 nrm:
856 3328 979 3391 italam
993 3327 1019 3378 tt
1032 3327 1142 3391 γέροντος
1156 3326 1193 3390 ip‘
1204 3325 1287 3377 vilse.

202 3398 280 3449 fseiie
290 3400 448 3453 decutiebat.
480 3404 546 3454 Rern
560 3406 660 3471 ulrum,
674 3407 724 3458 rel·
763 3402 1193 3469 ‘tundentursuterurenessoper
1202 3400 1288 3453 illicc'

201 3474 275 3524 lieet.
791 3487 808 3514 ¹
824 3476 1103 3544 Ponet-squinae]
1121 3478 1286 3531 Quodetirm

234 3546 395 3612 'Indead
406 3548 436 3598 ld
446 3555 494 3605 est.
507 3550 725 3618 interempturi
763 3555 898 3619 adnectier
908 3554 1101 3606 obrembrtnr.

201 3623 240 3673 cir
251 3623 408 3675 incumbere.
433 3625 573 3689 &replum
586 3626 662 3690 piene
672 3633 745 3677 rer-⁸
779 3636 806 3674 ‘r
825 3631 885 3681 Filii
895 3632 1032 3683 Artisrsrid
1046 3634 1077 3682 dc
1093 3647 1136 3695 pc
1152 3646 1223 3695 upra
1239 3645 1287 3681 rre-

201 3697 271 3750 bum.
289 3698 395 3749 iltiusm
406 3701 431 3750 iu
444 3701 549 3767 reliquis
559 3700 676 3752 omnibus
686 3716 727 3753 se·
762 3705 912 3768 moines]
923 3707 979 3757 Lib.
989 3720 1020 3756 rr.
1031 3706 1075 3755 obl
1086 3707 1133 3767 rit,
1141 3706 1222 3755 rolcru
1233 3718 1287 3753 om-

200 3788 229 3825 re
240 3775 279 3825 its
287 3774 437 3838 diligentem
449 3785 586 3841 mutaret
598 3778 703 3843 Dictys.
764 3780 834 3828 niun
845 3780 1024 3831 Autimrclmm
1043 3782 1069 3831 ln
1090 3783 1197 3844 graiium
1209 3780 1286 3831 erex-

232 3856 249 3883 '
268 3852 354 3901 cona
368 3852 472 3914 upum
487 3853 593 3917 depcrit]
612 3853 665 3906 Qui
683 3869 724 3905 ro·
764 3852 837 3902 andri
852 3852 987 3905 adversum
997 3862 1105 3904 cunctos
1116 3856 1287 3913 reclametur

112 3928 117 3931 '
197 3923 284 3974 bnis
292 3922 417 3974 morluit.
439 3925 725 3979 ilemenrlel’etrocio
763 3942 821 3977 eum
831 3928 980 3978 Menelaum
991 3929 1083 3993 injuste
1097 3929 1287 3993 injurismprr-

197 3999 274 4049 Ilm.
305 3997 369 4061 θριξὶ
384 3998 725 4054 dirdrrcrirwrcrerim
763 4003 1007 4053 condecernerenr.

198 4074 228 4126 dr
237 4072 384 4131 Ηβιλλν.
407 4075 533 4139 ‘Cepillis
544 4086 629 4128 summ
641 4086 723 4131 totum
794 4079 891 4141 ‘dissi
900 4078 983 4142 elteri]
1005 4079 1050 4129 dic
1065 4092 1168 4142 semper
1178 4074 1286 4139 Ajretm

197 4156 329 4201 matrum
346 4149 471 4213 tepebunt
482 4164 546 4215 qnos
557 4151 723 4214 iujieirbsut!
764 4154 867 4206 oileum
877 4160 963 4204 vocet.

197 4224 249 4275 ted
262 4238 341 4292 snper
350 4225 409 4289 boe,
419 4225 495 4291 plura
505 4224 531 4275 iu
541 4224 723 4279 cdlinrebrm
795 4236 807 4264 ⁸
821 4229 955 4281 Alexandri
966 4226 1055 4289 sarr]
1076 4223 1163 4277 Nolim
1171 4222 1221 4272 boe
1232 4219 1287 4299 iuri-
