<?xml version="1.0" encoding="UTF-8"?>
<!DOCTYPE html PUBLIC "-//W3C//DTD XHTML 1.0 Transitional//EN"
    "http://www.w3.org/TR/xhtml1/DTD/xhtml1-transitional.dtd">
<html xmlns="http://www.w3.org/1999/xhtml" xml:lang="en" lang="en">
 <head>
  <title>
</title>
<meta http-equiv="Content-Type" content="text/html;charset=utf-8" />
  <meta name='ocr-system' content='tesseract 3.04.00' />
  <meta name='ocr-capabilities' content='ocr_page ocr_carea ocr_par ocr_line ocrx_word'/>
</head>
<body>
  <div class='ocr_page' id='page_1' title='image "./debellotrojano01josegoog/debellotrojano01josegoog_0347.png"; bbox 0 0 3200 4972; ppageno 0'>
   <div class='ocr_carea' id='block_1_1' title="bbox 272 330 992 401">
    <p class='ocr_par' dir='ltr' id='par_1_1' title="bbox 272 330 992 401">
     <span class='ocr_line' id='line_1_1' title="bbox 272 330 992 401; baseline 0 -10"><span class='ocrx_word' id='word_1_1' title='bbox 272 330 339 401; x_wconf 75' lang='lat'><strong>328</strong></span> <span class='ocrx_word' id='word_1_2' title='bbox 642 343 806 392; x_wconf 76' lang='lat' dir='ltr'><strong>orsurus</strong></span> <span class='ocrx_word' id='word_1_3' title='bbox 831 344 992 393; x_wconf 75' lang='lat' dir='ltr'><strong>ruerem</strong></span> 
     </span>
    </p>
   </div>
   <div class='ocr_carea' id='block_1_2' title="bbox 265 485 1420 3189">
    <p class='ocr_par' dir='ltr' id='par_1_2' title="bbox 265 485 1420 3189">
     <span class='ocr_line' id='line_1_2' title="bbox 274 485 1359 571; baseline 0 -16"><span class='ocrx_word' id='word_1_4' title='bbox 274 490 335 555; x_wconf 86' lang='lat' dir='ltr'><strong>sed</strong></span> <span class='ocrx_word' id='word_1_5' title='bbox 360 496 477 562; x_wconf 83' lang='lat' dir='ltr'><strong>tomen,</strong></span> <span class='ocrx_word' id='word_1_6' title='bbox 503 485 592 568; x_wconf 92' lang='lat' dir='ltr'><strong>quod</strong></span> <span class='ocrx_word' id='word_1_7' title='bbox 618 486 856 567; x_wconf 74' lang='lat' dir='ltr'><strong>Agamemnoni</strong></span> <span class='ocrx_word' id='word_1_8' title='bbox 884 487 966 552; x_wconf 83' lang='lat' dir='ltr'><strong>nihil</strong></span> <span class='ocrx_word' id='word_1_9' title='bbox 990 506 1110 569; x_wconf 71' lang='lat' dir='ltr'><strong>negare</strong></span> <span class='ocrx_word' id='word_1_10' title='bbox 1135 490 1260 571; x_wconf 81' lang='lat' dir='ltr'><strong>possit,</strong></span> <span class='ocrx_word' id='word_1_11' title='bbox 1284 509 1359 555; x_wconf 85' lang='lat' dir='ltr'><strong>cum</strong></span> 
     </span>
     <span class='ocr_line' id='line_1_3' title="bbox 274 587 1359 671; baseline -0.005 -14"><span class='ocrx_word' id='word_1_12' title='bbox 274 599 406 671; x_wconf 86' lang='lat' dir='ltr'><strong>tempus</strong></span> <span class='ocrx_word' id='word_1_13' title='bbox 427 605 545 668; x_wconf 79' lang='lat' dir='ltr'><strong>pugnes</strong></span> <span class='ocrx_word' id='word_1_14' title='bbox 561 587 821 668; x_wconf 74' lang='lat' dir='ltr'><strong>supervenisset,</strong></span> <span class='ocrx_word' id='word_1_15' title='bbox 835 609 874 655; x_wconf 80' lang='lat' dir='ltr'><strong>se</strong></span> <span class='ocrx_word' id='word_1_16' title='bbox 896 590 1018 653; x_wconf 77' lang='lat' dir='ltr'><strong>milites</strong></span> <span class='ocrx_word' id='word_1_17' title='bbox 1032 607 1114 652; x_wconf 87' lang='lat' dir='ltr'><strong>suos</strong></span> <span class='ocrx_word' id='word_1_18' title='bbox 1134 591 1313 657; x_wconf 87' lang='lat' dir='ltr'><strong>missurum</strong></span> <span class='ocrx_word' id='word_1_19' title='bbox 1329 588 1359 652; x_wconf 79' lang='lat'><strong>:¹¹</strong></span> 
     </span>
     <span class='ocr_line' id='line_1_4' title="bbox 273 687 1360 772; baseline 0.002 -18"><span class='ocrx_word' id='word_1_20' title='bbox 273 693 382 772; x_wconf 86' lang='lat' dir='ltr'><strong>ipsum</strong></span> <span class='ocrx_word' id='word_1_21' title='bbox 411 693 605 759; x_wconf 76' lang='lat' dir='ltr'><strong>excusatum</strong></span> <span class='ocrx_word' id='word_1_22' title='bbox 634 687 769 751; x_wconf 82' lang='lat' dir='ltr'><strong>haberet</strong></span> <span class='ocrx_word' id='word_1_23' title='bbox 794 690 886 772; x_wconf 89' lang='lat' dir='ltr'><strong>quod</strong></span> <span class='ocrx_word' id='word_1_24' title='bbox 917 708 955 753; x_wconf 92' lang='lat' dir='ltr'><strong>se</strong></span> <span class='ocrx_word' id='word_1_25' title='bbox 980 690 1157 753; x_wconf 79' lang='lat' dir='ltr'><strong>abstineret</strong></span> <span class='ocrx_word' id='word_1_26' title='bbox 1183 709 1205 754; x_wconf 86' lang='lat' dir='ltr'><strong>n</strong></span> <span class='ocrx_word' id='word_1_27' title='bbox 1229 690 1360 772; x_wconf 59' lang='lat' dir='ltr'><strong>pugne„i</strong></span> 
     </span>
     <span class='ocr_line' id='line_1_5' title="bbox 272 788 1360 874; baseline 0.002 -20"><span class='ocrx_word' id='word_1_28' title='bbox 272 789 502 867; x_wconf 70' lang='lat' dir='ltr'><strong>Agamemnon</strong></span> <span class='ocrx_word' id='word_1_29' title='bbox 525 788 556 851; x_wconf 92' lang='lat' dir='ltr'><strong>ei</strong></span> <span class='ocrx_word' id='word_1_30' title='bbox 579 789 703 868; x_wconf 80' lang='lat' dir='ltr'><strong>gratias</strong></span> <span class='ocrx_word' id='word_1_31' title='bbox 719 789 797 870; x_wconf 84' lang='lat' dir='ltr'><strong>egit.</strong></span> <span class='ocrx_word' id='word_1_32' title='bbox 840 790 921 873; x_wconf 69' lang='lat'><strong>[32]</strong></span> <span class='ocrx_word' id='word_1_33' title='bbox 941 790 1093 874; x_wconf 80' lang='lat' dir='ltr'><strong>Tempus</strong></span> <span class='ocrx_word' id='word_1_34' title='bbox 1109 810 1230 873; x_wconf 73' lang='lat' dir='ltr'><strong>pugnae</strong></span> <span class='ocrx_word' id='word_1_35' title='bbox 1244 811 1360 873; x_wconf 85' lang='lat' dir='ltr'><strong>snper·</strong></span> 
     </span>
     <span class='ocr_line' id='line_1_6' title="bbox 272 888 1358 974; baseline 0.003 -22"><span class='ocrx_word' id='word_1_36' title='bbox 272 889 381 953; x_wconf 85' lang='lat' dir='ltr'><strong>venit:</strong></span> <span class='ocrx_word' id='word_1_37' title='bbox 402 888 538 971; x_wconf 86' lang='lat' dir='ltr'><strong>Trojuui</strong></span> <span class='ocrx_word' id='word_1_38' title='bbox 558 889 740 953; x_wconf 82' lang='lat' dir='ltr'><strong>exercitum</strong></span> <span class='ocrx_word' id='word_1_39' title='bbox 753 888 908 955; x_wconf 89' lang='lat' dir='ltr'><strong>educunt.</strong></span> <span class='ocrx_word' id='word_1_40' title='bbox 952 890 1078 955; x_wconf 74' lang='lat' dir='ltr'><strong>Contra</strong></span> <span class='ocrx_word' id='word_1_41' title='bbox 1098 890 1217 972; x_wconf 85' lang='lat' dir='ltr'><strong>Argivi</strong></span> <span class='ocrx_word' id='word_1_42' title='bbox 1238 891 1358 974; x_wconf 91' lang='lat' dir='ltr'><strong>prode·</strong></span> 
     </span>
     <span class='ocr_line' id='line_1_7' title="bbox 272 988 1359 1072; baseline 0 -17"><span class='ocrx_word' id='word_1_43' title='bbox 272 996 341 1055; x_wconf 87' lang='lat' dir='ltr'><strong>unt</strong></span> <span class='ocrx_word' id='word_1_44' title='bbox 384 989 537 1057; x_wconf 74' lang='lat' dir='ltr'><strong>Achilles</strong></span> <span class='ocrx_word' id='word_1_45' title='bbox 561 988 812 1072; x_wconf 79' lang='lat' dir='ltr'><strong>Myrmidonns⁸</strong></span> <span class='ocrx_word' id='word_1_46' title='bbox 834 990 978 1067; x_wconf 74' lang='lat' dir='ltr'><strong>instruit,</strong></span> <span class='ocrx_word' id='word_1_47' title='bbox 1007 991 1050 1055; x_wconf 83' lang='lat' dir='ltr'><strong>ed</strong></span> <span class='ocrx_word' id='word_1_48' title='bbox 1071 989 1359 1071; x_wconf 73' lang='lat' dir='ltr'><strong>Agamemnonem</strong></span> 
     </span>
     <span class='ocr_line' id='line_1_8' title="bbox 271 1090 1360 1173; baseline -0.002 -16"><span class='ocrx_word' id='word_1_49' title='bbox 271 1098 408 1173; x_wconf 71' lang='lat' dir='ltr'><strong>puratos</strong></span> <span class='ocrx_word' id='word_1_50' title='bbox 423 1093 534 1158; x_wconf 89' lang='lat' dir='ltr'><strong>mittit.</strong></span> <span class='ocrx_word' id='word_1_51' title='bbox 571 1090 628 1155; x_wconf 92' lang='lat' dir='ltr'><strong>Fit</strong></span> <span class='ocrx_word' id='word_1_52' title='bbox 643 1109 757 1171; x_wconf 81' lang='lat' dir='ltr'><strong>pugne</strong></span> <span class='ocrx_word' id='word_1_53' title='bbox 770 1091 896 1173; x_wconf 82' lang='lat' dir='ltr'><strong>major:</strong></span> <span class='ocrx_word' id='word_1_54' title='bbox 913 1093 1034 1156; x_wconf 79' lang='lat' dir='ltr'><strong>acriter</strong></span> <span class='ocrx_word' id='word_1_55' title='bbox 1046 1092 1195 1156; x_wconf 72' lang='lat' dir='ltr'><strong>servitur.</strong></span> <span class='ocrx_word' id='word_1_56' title='bbox 1225 1090 1360 1156; x_wconf 83' lang='lat' dir='ltr'><strong>Troilus</strong></span> 
     </span>
     <span class='ocr_line' id='line_1_9' title="bbox 272 1190 1360 1275; baseline -0.001 -20"><span class='ocrx_word' id='word_1_57' title='bbox 272 1193 410 1256; x_wconf 88' lang='lat' dir='ltr'><strong>enimin</strong></span> <span class='ocrx_word' id='word_1_58' title='bbox 425 1194 534 1274; x_wconf 83' lang='lat' dir='ltr'><strong>prims</strong></span> <span class='ocrx_word' id='word_1_59' title='bbox 548 1192 622 1254; x_wconf 79' lang='lat' dir='ltr'><strong>acie</strong></span> <span class='ocrx_word' id='word_1_60' title='bbox 636 1190 781 1266; x_wconf 84' lang='lat' dir='ltr'><strong>Argivos</strong></span> <span class='ocrx_word' id='word_1_61' title='bbox 803 1191 915 1267; x_wconf 79' lang='lat' dir='ltr'><strong>credit,</strong></span> <span class='ocrx_word' id='word_1_62' title='bbox 938 1190 1169 1274; x_wconf 80' lang='lat' dir='ltr'><strong>Myrmidones</strong></span> <span class='ocrx_word' id='word_1_63' title='bbox 1191 1191 1360 1275; x_wconf 89' lang='lat' dir='ltr'><strong>persequi·</strong></span> 
     </span>
     <span class='ocr_line' id='line_1_10' title="bbox 271 1290 1356 1375; baseline -0.002 -20"><span class='ocrx_word' id='word_1_64' title='bbox 271 1298 344 1357; x_wconf 85' lang='lat' dir='ltr'><strong>tur:</strong></span> <span class='ocrx_word' id='word_1_65' title='bbox 365 1294 618 1375; x_wconf 84' lang='lat' dir='ltr'><strong>impressionem</strong></span> <span class='ocrx_word' id='word_1_66' title='bbox 638 1292 720 1354; x_wconf 82' lang='lat' dir='ltr'><strong>lecit</strong></span> <span class='ocrx_word' id='word_1_67' title='bbox 741 1293 776 1354; x_wconf 93' lang='lat' dir='ltr'><strong>in</strong></span> <span class='ocrx_word' id='word_1_68' title='bbox 798 1302 907 1356; x_wconf 77' lang='lat' dir='ltr'><strong>cestre</strong></span> <span class='ocrx_word' id='word_1_69' title='bbox 919 1313 931 1375; x_wconf 86' lang='lat'><strong>:¹</strong></span> <span class='ocrx_word' id='word_1_70' title='bbox 950 1293 1073 1357; x_wconf 88' lang='lat' dir='ltr'><strong>multos</strong></span> <span class='ocrx_word' id='word_1_71' title='bbox 1088 1292 1232 1356; x_wconf 88' lang='lat' dir='ltr'><strong>oceidit:</strong></span> <span class='ocrx_word' id='word_1_72' title='bbox 1254 1290 1356 1373; x_wconf 90' lang='lat' dir='ltr'><strong>pluri-</strong></span> 
     </span>
     <span class='ocr_line' id='line_1_11' title="bbox 269 1390 1356 1475; baseline -0.002 -18"><span class='ocrx_word' id='word_1_73' title='bbox 269 1409 343 1457; x_wconf 86' lang='lat' dir='ltr'><strong>mos</strong></span> <span class='ocrx_word' id='word_1_74' title='bbox 358 1392 501 1457; x_wconf 81' lang='lat' dir='ltr'><strong>sauciet.</strong></span> <span class='ocrx_word' id='word_1_75' title='bbox 544 1390 637 1475; x_wconf 84' lang='lat' dir='ltr'><strong>Ajux</strong></span> <span class='ocrx_word' id='word_1_76' title='bbox 646 1391 863 1456; x_wconf 77' lang='lat' dir='ltr'><strong>Telamonius</strong></span> <span class='ocrx_word' id='word_1_77' title='bbox 877 1393 1023 1457; x_wconf 89' lang='lat' dir='ltr'><strong>obstitit.</strong></span> <span class='ocrx_word' id='word_1_78' title='bbox 1065 1392 1203 1475; x_wconf 84' lang='lat' dir='ltr'><strong>Trojnui</strong></span> <span class='ocrx_word' id='word_1_79' title='bbox 1214 1392 1356 1457; x_wconf 85' lang='lat' dir='ltr'><strong>victores</strong></span> 
     </span>
     <span class='ocr_line' id='line_1_12' title="bbox 269 1491 1357 1576; baseline -0.001 -19"><span class='ocrx_word' id='word_1_80' title='bbox 269 1494 305 1557; x_wconf 88' lang='lat' dir='ltr'><strong>in</strong></span> <span class='ocrx_word' id='word_1_81' title='bbox 318 1493 479 1576; x_wconf 89' lang='lat' dir='ltr'><strong>oppidum</strong></span> <span class='ocrx_word' id='word_1_82' title='bbox 493 1499 708 1557; x_wconf 86' lang='lat' dir='ltr'><strong>revertuntur.</strong></span> <span class='ocrx_word' id='word_1_83' title='bbox 752 1491 894 1556; x_wconf 81' lang='lat' dir='ltr'><strong>Postera</strong></span> <span class='ocrx_word' id='word_1_84' title='bbox 908 1492 964 1556; x_wconf 92' lang='lat' dir='ltr'><strong>die</strong></span> <span class='ocrx_word' id='word_1_85' title='bbox 980 1491 1211 1572; x_wconf 79' lang='lat' dir='ltr'><strong>Agamemnon</strong></span> <span class='ocrx_word' id='word_1_86' title='bbox 1227 1491 1357 1557; x_wconf 83' lang='lat' dir='ltr'><strong>exerci-</strong></span> 
     </span>
     <span class='ocr_line' id='line_1_13' title="bbox 270 1592 1356 1675; baseline 0 -19"><span class='ocrx_word' id='word_1_87' title='bbox 270 1600 341 1658; x_wconf 87' lang='lat' dir='ltr'><strong>tum</strong></span> <span class='ocrx_word' id='word_1_88' title='bbox 353 1593 482 1659; x_wconf 87' lang='lat' dir='ltr'><strong>educit:</strong></span> <span class='ocrx_word' id='word_1_89' title='bbox 495 1612 609 1658; x_wconf 90' lang='lat' dir='ltr'><strong>omnes</strong></span> <span class='ocrx_word' id='word_1_90' title='bbox 624 1592 729 1656; x_wconf 91' lang='lat' dir='ltr'><strong>duces</strong></span> <span class='ocrx_word' id='word_1_91' title='bbox 744 1605 779 1655; x_wconf 92' lang='lat' dir='ltr'><strong>et</strong></span> <span class='ocrx_word' id='word_1_92' title='bbox 795 1592 1023 1675; x_wconf 86' lang='lat' dir='ltr'><strong>Myrmidones</strong></span> <span class='ocrx_word' id='word_1_93' title='bbox 1036 1592 1210 1675; x_wconf 89' lang='lat' dir='ltr'><strong>prodeunt.</strong></span> <span class='ocrx_word' id='word_1_94' title='bbox 1234 1593 1265 1657; x_wconf 88' lang='lat' dir='ltr'><strong>E</strong></span> <span class='ocrx_word' id='word_1_95' title='bbox 1276 1613 1356 1658; x_wconf 86' lang='lat' dir='ltr'><strong>oon·</strong></span> 
     </span>
     <span class='ocr_line' id='line_1_14' title="bbox 269 1693 1356 1777; baseline 0.001 -21"><span class='ocrx_word' id='word_1_96' title='bbox 269 1700 322 1758; x_wconf 82' lang='lat' dir='ltr'><strong>tra</strong></span> <span class='ocrx_word' id='word_1_97' title='bbox 334 1693 471 1777; x_wconf 79' lang='lat' dir='ltr'><strong>Trojeni</strong></span> <span class='ocrx_word' id='word_1_98' title='bbox 485 1695 554 1759; x_wconf 83' lang='lat' dir='ltr'><strong>lmti</strong></span> <span class='ocrx_word' id='word_1_99' title='bbox 568 1694 602 1757; x_wconf 93' lang='lat' dir='ltr'><strong>in</strong></span> <span class='ocrx_word' id='word_1_100' title='bbox 618 1693 725 1757; x_wconf 83' lang='lat' dir='ltr'><strong>eciem</strong></span> <span class='ocrx_word' id='word_1_101' title='bbox 742 1693 915 1775; x_wconf 91' lang='lat' dir='ltr'><strong>prodeunt.</strong></span> <span class='ocrx_word' id='word_1_102' title='bbox 940 1694 1062 1758; x_wconf 78' lang='lat' dir='ltr'><strong>Praelio</strong></span> <span class='ocrx_word' id='word_1_103' title='bbox 1077 1695 1254 1759; x_wconf 88' lang='lat' dir='ltr'><strong>commisso</strong></span> <span class='ocrx_word' id='word_1_104' title='bbox 1265 1702 1356 1759; x_wconf 85' lang='lat' dir='ltr'><strong>uter·</strong></span> 
     </span>
     <span class='ocr_line' id='line_1_15' title="bbox 269 1793 1355 1879; baseline -0.002 -20"><span class='ocrx_word' id='word_1_105' title='bbox 269 1812 334 1878; x_wconf 87' lang='lat' dir='ltr'><strong>que</strong></span> <span class='ocrx_word' id='word_1_106' title='bbox 348 1796 517 1859; x_wconf 87' lang='lat' dir='ltr'><strong>exercitus</strong></span> <span class='ocrx_word' id='word_1_107' title='bbox 543 1796 629 1859; x_wconf 89' lang='lat' dir='ltr'><strong>inter</strong></span> <span class='ocrx_word' id='word_1_108' title='bbox 650 1812 688 1857; x_wconf 90' lang='lat' dir='ltr'><strong>se</strong></span> <span class='ocrx_word' id='word_1_109' title='bbox 710 1794 887 1859; x_wconf 85' lang='lat' dir='ltr'><strong>dimicent:</strong></span> <span class='ocrx_word' id='word_1_110' title='bbox 911 1796 1032 1860; x_wconf 83' lang='lat' dir='ltr'><strong>acriter</strong></span> <span class='ocrx_word' id='word_1_111' title='bbox 1056 1815 1116 1879; x_wconf 94' lang='lat' dir='ltr'><strong>per</strong></span> <span class='ocrx_word' id='word_1_112' title='bbox 1138 1796 1270 1877; x_wconf 79' lang='lat' dir='ltr'><strong>aliquot</strong></span> <span class='ocrx_word' id='word_1_113' title='bbox 1284 1793 1355 1858; x_wconf 84' lang='lat' dir='ltr'><strong>dies</strong></span> 
     </span>
     <span class='ocr_line' id='line_1_16' title="bbox 269 1894 1356 1980; baseline -0.002 -21"><span class='ocrx_word' id='word_1_114' title='bbox 269 1903 451 1979; x_wconf 83' lang='lat' dir='ltr'><strong>pugnatur:</strong></span> <span class='ocrx_word' id='word_1_115' title='bbox 473 1897 579 1960; x_wconf 82' lang='lat' dir='ltr'><strong>molta</strong></span> <span class='ocrx_word' id='word_1_116' title='bbox 596 1894 703 1958; x_wconf 80' lang='lat' dir='ltr'><strong>millia</strong></span> <span class='ocrx_word' id='word_1_117' title='bbox 716 1894 883 1959; x_wconf 88' lang='lat' dir='ltr'><strong>hominnm</strong></span> <span class='ocrx_word' id='word_1_118' title='bbox 898 1915 941 1959; x_wconf 88' lang='lat' dir='ltr'><strong>ex</strong></span> <span class='ocrx_word' id='word_1_119' title='bbox 955 1903 1095 1978; x_wconf 82' lang='lat' dir='ltr'><strong>utreque</strong></span> <span class='ocrx_word' id='word_1_120' title='bbox 1116 1901 1208 1980; x_wconf 85' lang='lat' dir='ltr'><strong>perte</strong></span> <span class='ocrx_word' id='word_1_121' title='bbox 1222 1895 1356 1959; x_wconf 85' lang='lat' dir='ltr'><strong>endunt.</strong></span> 
     </span>
     <span class='ocr_line' id='line_1_17' title="bbox 265 1986 1420 2080; baseline 0 -19"><span class='ocrx_word' id='word_1_122' title='bbox 265 1995 403 2061; x_wconf 80' lang='lat' dir='ltr'><strong>Troilus</strong></span> <span class='ocrx_word' id='word_1_123' title='bbox 418 1996 645 2079; x_wconf 80' lang='lat' dir='ltr'><strong>Myrmidonas</strong></span> <span class='ocrx_word' id='word_1_124' title='bbox 659 1995 882 2077; x_wconf 79' lang='lat' dir='ltr'><strong>persequitur,</strong></span> <span class='ocrx_word' id='word_1_125' title='bbox 896 1998 1027 2077; x_wconf 82' lang='lat' dir='ltr'><strong>sternit,</strong></span> <span class='ocrx_word' id='word_1_126' title='bbox 1042 1997 1148 2080; x_wconf 82' lang='lat' dir='ltr'><strong>luget.</strong></span> <span class='ocrx_word' id='word_1_127' title='bbox 1177 1994 1356 2078; x_wconf 71' lang='lat' dir='ltr'><strong>Agamem·</strong></span> <span class='ocrx_word' id='word_1_128' title='bbox 1417 1986 1420 1991; x_wconf 72' lang='grc'><strong>’</strong></span> 
     </span>
     <span class='ocr_line' id='line_1_18' title="bbox 269 2095 1357 2180; baseline 0.001 -20"><span class='ocrx_word' id='word_1_129' title='bbox 269 2114 337 2161; x_wconf 87' lang='lat' dir='ltr'><strong>non</strong></span> <span class='ocrx_word' id='word_1_130' title='bbox 352 2103 388 2162; x_wconf 91' lang='lat' dir='ltr'><strong>ut</strong></span> <span class='ocrx_word' id='word_1_131' title='bbox 402 2098 485 2162; x_wconf 86' lang='lat' dir='ltr'><strong>vidit</strong></span> <span class='ocrx_word' id='word_1_132' title='bbox 505 2098 620 2180; x_wconf 90' lang='lat' dir='ltr'><strong>plnres</strong></span> <span class='ocrx_word' id='word_1_133' title='bbox 642 2115 686 2160; x_wconf 79' lang='lat' dir='ltr'><strong>ex</strong></span> <span class='ocrx_word' id='word_1_134' title='bbox 708 2115 771 2160; x_wconf 83' lang='lat' dir='ltr'><strong>sue</strong></span> <span class='ocrx_word' id='word_1_135' title='bbox 791 2101 886 2179; x_wconf 82' lang='lat' dir='ltr'><strong>perte</strong></span> <span class='ocrx_word' id='word_1_136' title='bbox 900 2097 1045 2173; x_wconf 87' lang='lat' dir='ltr'><strong>occisos,</strong></span> <span class='ocrx_word' id='word_1_137' title='bbox 1068 2097 1221 2162; x_wconf 81' lang='lat' dir='ltr'><strong>inducias</strong></span> <span class='ocrx_word' id='word_1_138' title='bbox 1236 2095 1357 2161; x_wconf 83' lang='lat' dir='ltr'><strong>indies</strong></span> 
     </span>
     <span class='ocr_line' id='line_1_19' title="bbox 269 2196 1355 2281; baseline 0 -20"><span class='ocrx_word' id='word_1_139' title='bbox 269 2198 399 2279; x_wconf 78' lang='lat' dir='ltr'><strong>triginta</strong></span> <span class='ocrx_word' id='word_1_140' title='bbox 420 2200 515 2281; x_wconf 91' lang='lat' dir='ltr'><strong>petit,</strong></span> <span class='ocrx_word' id='word_1_141' title='bbox 532 2207 571 2263; x_wconf 89' lang='lat' dir='ltr'><strong>ut</strong></span> <span class='ocrx_word' id='word_1_142' title='bbox 591 2217 675 2262; x_wconf 89' lang='lat' dir='ltr'><strong>snos</strong></span> <span class='ocrx_word' id='word_1_143' title='bbox 696 2196 850 2261; x_wconf 77' lang='lat' dir='ltr'><strong>funerare</strong></span> <span class='ocrx_word' id='word_1_144' title='bbox 863 2199 988 2281; x_wconf 86' lang='lat' dir='ltr'><strong>possit.</strong></span> <span class='ocrx_word' id='word_1_145' title='bbox 1032 2198 1186 2263; x_wconf 79' lang='lat' dir='ltr'><strong>Priamus</strong></span> <span class='ocrx_word' id='word_1_146' title='bbox 1200 2197 1355 2263; x_wconf 85' lang='lat' dir='ltr'><strong>inducias</strong></span> 
     </span>
     <span class='ocr_line' id='line_1_20' title="bbox 269 2296 1355 2382; baseline 0 -22"><span class='ocrx_word' id='word_1_147' title='bbox 269 2298 384 2378; x_wconf 89' lang='lat' dir='ltr'><strong>dedit;</strong></span> <span class='ocrx_word' id='word_1_148' title='bbox 417 2319 499 2364; x_wconf 88' lang='lat' dir='ltr'><strong>suos</strong></span> <span class='ocrx_word' id='word_1_149' title='bbox 528 2301 670 2382; x_wconf 86' lang='lat' dir='ltr'><strong>quisque</strong></span> <span class='ocrx_word' id='word_1_150' title='bbox 696 2298 912 2380; x_wconf 89' lang='lat' dir='ltr'><strong>sepeliendos</strong></span> <span class='ocrx_word' id='word_1_151' title='bbox 941 2305 1043 2363; x_wconf 80' lang='lat' dir='ltr'><strong>curet.</strong></span> <span class='ocrx_word' id='word_1_152' title='bbox 1094 2297 1176 2380; x_wconf 64' lang='grc'><strong>[33]</strong></span> <span class='ocrx_word' id='word_1_153' title='bbox 1206 2296 1355 2379; x_wconf 85' lang='lat' dir='ltr'><strong>Tempus</strong></span> 
     </span>
     <span class='ocr_line' id='line_1_21' title="bbox 268 2390 1355 2482; baseline -0.002 -21"><span class='ocrx_word' id='word_1_154' title='bbox 268 2417 391 2480; x_wconf 76' lang='lat' dir='ltr'><strong>pugnes</strong></span> <span class='ocrx_word' id='word_1_155' title='bbox 420 2402 624 2482; x_wconf 86' lang='lat' dir='ltr'><strong>supervenit.</strong></span> <span class='ocrx_word' id='word_1_156' title='bbox 667 2400 804 2482; x_wconf 85' lang='lat' dir='ltr'><strong>Trojuui</strong></span> <span class='ocrx_word' id='word_1_157' title='bbox 826 2400 1009 2465; x_wconf 88' lang='lat' dir='ltr'><strong>exercitum</strong></span> <span class='ocrx_word' id='word_1_158' title='bbox 1032 2399 1186 2463; x_wconf 87' lang='lat' dir='ltr'><strong>educunt.</strong></span> <span class='ocrx_word' id='word_1_159' title='bbox 1202 2441 1211 2462; x_wconf 86' lang='lat'><strong>.</strong></span> <span class='ocrx_word' id='word_1_160' title='bbox 1230 2390 1355 2467; x_wconf 75' lang='lat' dir='ltr'><strong>conos</strong></span> 
     </span>
     <span class='ocr_line' id='line_1_22' title="bbox 269 2495 1353 2585; baseline 0 -25"><span class='ocrx_word' id='word_1_161' title='bbox 269 2495 499 2577; x_wconf 77' lang='lat' dir='ltr'><strong>Agamemnon</strong></span> <span class='ocrx_word' id='word_1_162' title='bbox 516 2518 629 2565; x_wconf 88' lang='lat' dir='ltr'><strong>omnes</strong></span> <span class='ocrx_word' id='word_1_163' title='bbox 641 2501 747 2566; x_wconf 91' lang='lat' dir='ltr'><strong>duces</strong></span> <span class='ocrx_word' id='word_1_164' title='bbox 768 2502 803 2566; x_wconf 91' lang='lat' dir='ltr'><strong>iu</strong></span> <span class='ocrx_word' id='word_1_165' title='bbox 825 2521 970 2585; x_wconf 81' lang='lat' dir='ltr'><strong>pugnem</strong></span> <span class='ocrx_word' id='word_1_166' title='bbox 984 2500 1080 2583; x_wconf 84' lang='lat' dir='ltr'><strong>cogit.</strong></span> <span class='ocrx_word' id='word_1_167' title='bbox 1124 2497 1247 2564; x_wconf 81' lang='lat' dir='ltr'><strong>Proelio</strong></span> <span class='ocrx_word' id='word_1_168' title='bbox 1261 2516 1353 2561; x_wconf 86' lang='lat' dir='ltr'><strong>oom-</strong></span> 
     </span>
     <span class='ocr_line' id='line_1_23' title="bbox 267 2598 1353 2682; baseline 0.002 -22"><span class='ocrx_word' id='word_1_169' title='bbox 267 2598 370 2661; x_wconf 80' lang='lat' dir='ltr'><strong>mirso</strong></span> <span class='ocrx_word' id='word_1_170' title='bbox 394 2598 434 2663; x_wconf 87' lang='lat' dir='ltr'><strong>fit</strong></span> <span class='ocrx_word' id='word_1_171' title='bbox 456 2619 575 2681; x_wconf 77' lang='lat' dir='ltr'><strong>magna</strong></span> <span class='ocrx_word' id='word_1_172' title='bbox 598 2602 732 2666; x_wconf 78' lang='lat' dir='ltr'><strong>cmdest</strong></span> <span class='ocrx_word' id='word_1_173' title='bbox 756 2604 876 2675; x_wconf 79' lang='lat' dir='ltr'><strong>aeriter</strong></span> <span class='ocrx_word' id='word_1_174' title='bbox 890 2603 1042 2668; x_wconf 85' lang='lat' dir='ltr'><strong>saeviunt.</strong></span> <span class='ocrx_word' id='word_1_175' title='bbox 1086 2600 1271 2682; x_wconf 84' lang='lat' dir='ltr'><strong>Postquam</strong></span> <span class='ocrx_word' id='word_1_176' title='bbox 1286 2598 1353 2682; x_wconf 89' lang='lat' dir='ltr'><strong>pri·</strong></span> 
     </span>
     <span class='ocr_line' id='line_1_24' title="bbox 268 2697 1351 2786; baseline 0.001 -25"><span class='ocrx_word' id='word_1_177' title='bbox 268 2715 359 2761; x_wconf 87' lang='lat' dir='ltr'><strong>mum</strong></span> <span class='ocrx_word' id='word_1_178' title='bbox 374 2705 503 2781; x_wconf 84' lang='lat' dir='ltr'><strong>ternpus</strong></span> <span class='ocrx_word' id='word_1_179' title='bbox 517 2700 582 2764; x_wconf 91' lang='lat' dir='ltr'><strong>diei</strong></span> <span class='ocrx_word' id='word_1_180' title='bbox 598 2701 740 2780; x_wconf 77' lang='lat' dir='ltr'><strong>transiit,</strong></span> <span class='ocrx_word' id='word_1_181' title='bbox 754 2703 864 2786; x_wconf 91' lang='lat' dir='ltr'><strong>prodit</strong></span> <span class='ocrx_word' id='word_1_182' title='bbox 879 2703 912 2766; x_wconf 93' lang='lat' dir='ltr'><strong>in</strong></span> <span class='ocrx_word' id='word_1_183' title='bbox 928 2697 1066 2786; x_wconf 77' lang='lat' dir='ltr'><strong>preelio¹¹</strong></span> <span class='ocrx_word' id='word_1_184' title='bbox 1079 2701 1224 2778; x_wconf 87' lang='lat' dir='ltr'><strong>Troilus,</strong></span> <span class='ocrx_word' id='word_1_185' title='bbox 1241 2700 1351 2775; x_wconf 82' lang='lat' dir='ltr'><strong>ooedit,</strong></span> 
     </span>
     <span class='ocr_line' id='line_1_25' title="bbox 268 2800 1351 2884; baseline 0 -21"><span class='ocrx_word' id='word_1_186' title='bbox 268 2800 455 2881; x_wconf 74' lang='lat' dir='ltr'><strong>prosternit.</strong></span> <span class='ocrx_word' id='word_1_187' title='bbox 498 2801 615 2883; x_wconf 81' lang='lat' dir='ltr'><strong>Argivi</strong></span> <span class='ocrx_word' id='word_1_188' title='bbox 629 2801 742 2884; x_wconf 81' lang='lat' dir='ltr'><strong>fugem</strong></span> <span class='ocrx_word' id='word_1_189' title='bbox 758 2822 833 2867; x_wconf 91' lang='lat' dir='ltr'><strong>cum</strong></span> <span class='ocrx_word' id='word_1_190' title='bbox 847 2803 991 2867; x_wconf 78' lang='lat' dir='ltr'><strong>clamore</strong></span> <span class='ocrx_word' id='word_1_191' title='bbox 1006 2803 1168 2866; x_wconf 82' lang='lat' dir='ltr'><strong>fecerunt.</strong></span> <span class='ocrx_word' id='word_1_192' title='bbox 1198 2800 1351 2865; x_wconf 86' lang='lat' dir='ltr'><strong>Achilles</strong></span> 
     </span>
     <span class='ocr_line' id='line_1_26' title="bbox 268 2899 1346 2987; baseline 0.002 -22"><span class='ocrx_word' id='word_1_193' title='bbox 268 2906 307 2965; x_wconf 88' lang='lat' dir='ltr'><strong>ut</strong></span> <span class='ocrx_word' id='word_1_194' title='bbox 321 2899 407 2965; x_wconf 84' lang='lat' dir='ltr'><strong>vidit</strong></span> <span class='ocrx_word' id='word_1_195' title='bbox 420 2901 569 2967; x_wconf 85' lang='lat' dir='ltr'><strong>Troilum</strong></span> <span class='ocrx_word' id='word_1_196' title='bbox 583 2903 630 2969; x_wconf 81' lang='lat' dir='ltr'><strong>ite</strong></span> <span class='ocrx_word' id='word_1_197' title='bbox 644 2904 777 2984; x_wconf 75' lang='lat' dir='ltr'><strong>saevire,</strong></span> <span class='ocrx_word' id='word_1_198' title='bbox 794 2913 829 2969; x_wconf 92' lang='lat' dir='ltr'><strong>et</strong></span> <span class='ocrx_word' id='word_1_199' title='bbox 841 2904 976 2987; x_wconf 79' lang='lat' dir='ltr'><strong>Argivis</strong></span> <span class='ocrx_word' id='word_1_200' title='bbox 995 2902 1165 2979; x_wconf 80' lang='lat' dir='ltr'><strong>insultare,</strong></span> <span class='ocrx_word' id='word_1_201' title='bbox 1181 2901 1346 2983; x_wconf 88' lang='lat' dir='ltr'><strong>simulque</strong></span> 
     </span>
     <span class='ocr_line' id='line_1_27' title="bbox 268 3000 1352 3089; baseline -0.003 -24"><span class='ocrx_word' id='word_1_202' title='bbox 268 3000 337 3065; x_wconf 85' lang='lat' dir='ltr'><strong>sine</strong></span> <span class='ocrx_word' id='word_1_203' title='bbox 350 3001 588 3068; x_wconf 86' lang='lat' dir='ltr'><strong>intermissione</strong></span> <span class='ocrx_word' id='word_1_204' title='bbox 604 3010 826 3089; x_wconf 87' lang='lat' dir='ltr'><strong>prosternere,</strong></span> <span class='ocrx_word' id='word_1_205' title='bbox 840 3003 984 3085; x_wconf 86' lang='lat' dir='ltr'><strong>Argivos</strong></span> <span class='ocrx_word' id='word_1_206' title='bbox 1005 3003 1168 3079; x_wconf 74' lang='lat' dir='ltr'><strong>laborare,</strong></span> <span class='ocrx_word' id='word_1_207' title='bbox 1194 3001 1352 3084; x_wconf 85' lang='lat' dir='ltr'><strong>prosiluit</strong></span> 
     </span>
     <span class='ocr_line' id='line_1_28' title="bbox 268 3099 1350 3189; baseline -0.001 -24"><span class='ocrx_word' id='word_1_208' title='bbox 268 3102 302 3165; x_wconf 90' lang='lat' dir='ltr'><strong>in</strong></span> <span class='ocrx_word' id='word_1_209' title='bbox 315 3103 452 3170; x_wconf 85' lang='lat' dir='ltr'><strong>bellurn.</strong></span> <span class='ocrx_word' id='word_1_210' title='bbox 496 3104 580 3171; x_wconf 84' lang='lat' dir='ltr'><strong>Eum</strong></span> <span class='ocrx_word' id='word_1_211' title='bbox 604 3108 766 3189; x_wconf 81' lang='lat' dir='ltr'><strong>continuo</strong></span> <span class='ocrx_word' id='word_1_212' title='bbox 790 3106 927 3171; x_wconf 89' lang='lat' dir='ltr'><strong>Troilus</strong></span> <span class='ocrx_word' id='word_1_213' title='bbox 952 3099 1127 3189; x_wconf 76' lang='lat' dir='ltr'><strong>precipir,¹</strong></span> <span class='ocrx_word' id='word_1_214' title='bbox 1153 3111 1188 3168; x_wconf 93' lang='lat' dir='ltr'><strong>et</strong></span> <span class='ocrx_word' id='word_1_215' title='bbox 1211 3102 1350 3167; x_wconf 81' lang='lat' dir='ltr'><strong>senciat.</strong></span> 
     </span>
    </p>
   </div>
   <div class='ocr_carea' id='block_1_3' title="bbox 718 3299 898 3322">
    <p class='ocr_par' dir='ltr' id='par_1_3' title="bbox 718 3299 898 3322">
     <span class='ocr_line' id='line_1_29' title="bbox 718 3299 898 3322; baseline 0.006 -3"><span class='ocrx_word' id='word_1_216' title='bbox 718 3299 898 3322; x_wconf 61' lang='grc' dir='ltr'><strong><em>ΜΝΜΙΝ</em></strong></span> 
     </span>
    </p>
   </div>
   <div class='ocr_carea' id='block_1_4' title="bbox 300 3388 811 3480">
    <p class='ocr_par' dir='ltr' id='par_1_4' title="bbox 300 3388 811 3480">
     <span class='ocr_line' id='line_1_30' title="bbox 300 3388 811 3480; baseline 0.018 -23"><span class='ocrx_word' id='word_1_217' title='bbox 300 3411 315 3454; x_wconf 79' lang='grc'><strong>8</strong></span> <span class='ocrx_word' id='word_1_218' title='bbox 332 3409 501 3477; x_wconf 61' lang='lat' dir='ltr'><strong>tremum,</strong></span> <span class='ocrx_word' id='word_1_219' title='bbox 511 3420 539 3464; x_wconf 85' lang='lat' dir='ltr'><strong>et</strong></span> <span class='ocrx_word' id='word_1_220' title='bbox 552 3415 588 3465; x_wconf 82' lang='lat' dir='ltr'><strong>ric</strong></span> <span class='ocrx_word' id='word_1_221' title='bbox 601 3415 706 3479; x_wconf 74' lang='lat' dir='ltr'><strong>purtim,</strong></span> <span class='ocrx_word' id='word_1_222' title='bbox 715 3388 811 3480; x_wconf 64' lang='lat' dir='ltr'><strong>lielplr.</strong></span> 
     </span>
    </p>
   </div>
   <div class='ocr_carea' id='block_1_5' title="bbox 755 3546 863 3640">
    <p class='ocr_par' dir='ltr' id='par_1_5' title="bbox 755 3546 863 3640">
     <span class='ocr_line' id='line_1_31' title="bbox 755 3546 863 3640; baseline 0 0"><span class='ocrx_word' id='word_1_223' title='bbox 755 3546 863 3640; x_wconf 73' lang='lat' dir='ltr'><strong>NilTAE</strong></span> 
     </span>
    </p>
   </div>
   <div class='ocr_carea' id='block_1_6' title="bbox 297 3685 1461 3764">
    <p class='ocr_par' dir='ltr' id='par_1_6' title="bbox 297 3685 1461 3764">
     <span class='ocr_line' id='line_1_32' title="bbox 297 3685 1461 3764; baseline 0.003 -18"><span class='ocrx_word' id='word_1_224' title='bbox 297 3685 659 3763; x_wconf 59' lang='lat' dir='ltr'><strong>&#39;MilitwmuimrrnJ</strong></span> <span class='ocrx_word' id='word_1_225' title='bbox 683 3700 789 3751; x_wconf 77' lang='lat' dir='ltr'><strong>Esilo·</strong></span> <span class='ocrx_word' id='word_1_226' title='bbox 829 3714 879 3751; x_wconf 85' lang='lat' dir='ltr'><strong>non</strong></span> <span class='ocrx_word' id='word_1_227' title='bbox 898 3697 1044 3750; x_wconf 55' lang='lat' dir='ltr'><strong>abstinenti</strong></span> <span class='ocrx_word' id='word_1_228' title='bbox 1069 3696 1125 3747; x_wconf 77' lang='lat' dir='ltr'><strong>Lir.</strong></span> <span class='ocrx_word' id='word_1_229' title='bbox 1143 3712 1206 3749; x_wconf 82' lang='lat' dir='ltr'><strong>rur.</strong></span> <span class='ocrx_word' id='word_1_230' title='bbox 1225 3700 1353 3750; x_wconf 76' lang='lat' dir='ltr'><strong>‘Alem-</strong></span> <span class='ocrx_word' id='word_1_231' title='bbox 1456 3750 1461 3764; x_wconf 63' lang='grc'><strong>,</strong></span> 
     </span>
    </p>
   </div>
   <div class='ocr_carea' id='block_1_7' title="bbox 266 3763 1353 4217">
    <p class='ocr_par' dir='ltr' id='par_1_7' title="bbox 267 3763 1353 3836">
     <span class='ocr_line' id='line_1_33' title="bbox 267 3763 1353 3836; baseline 0.009 -21"><span class='ocrx_word' id='word_1_232' title='bbox 267 3776 338 3815; x_wconf 80' lang='lat' dir='ltr'><strong>mero</strong></span> <span class='ocrx_word' id='word_1_233' title='bbox 349 3763 516 3830; x_wconf 70' lang='lat' dir='ltr'><strong>imminutum,</strong></span> <span class='ocrx_word' id='word_1_234' title='bbox 527 3771 596 3833; x_wconf 74' lang='lat' dir='ltr'><strong>epod</strong></span> <span class='ocrx_word' id='word_1_235' title='bbox 609 3788 684 3836; x_wconf 80' lang='lat' dir='ltr'><strong>quem</strong></span> <span class='ocrx_word' id='word_1_236' title='bbox 699 3775 788 3826; x_wconf 77' lang='lat' dir='ltr'><strong>Aelnil-</strong></span> <span class='ocrx_word' id='word_1_237' title='bbox 827 3775 901 3827; x_wconf 86' lang='lat' dir='ltr'><strong>drnrn</strong></span> <span class='ocrx_word' id='word_1_238' title='bbox 924 3776 1038 3825; x_wconf 70' lang='lat' dir='ltr'><strong>noes-o</strong></span> <span class='ocrx_word' id='word_1_239' title='bbox 1059 3771 1126 3821; x_wconf 85' lang='lat' dir='ltr'><strong>bello</strong></span> <span class='ocrx_word' id='word_1_240' title='bbox 1146 3773 1251 3825; x_wconf 74' lang='lat' dir='ltr'><strong>tortore</strong></span> <span class='ocrx_word' id='word_1_241' title='bbox 1273 3776 1353 3825; x_wconf 75' lang='lat' dir='ltr'><strong>norm·</strong></span> 
     </span>
    </p>

    <p class='ocr_par' dir='ltr' id='par_1_8' title="bbox 267 3839 899 3914">
     <span class='ocr_line' id='line_1_34' title="bbox 267 3839 899 3914; baseline 0.017 -26"><span class='ocrx_word' id='word_1_242' title='bbox 267 3839 706 3909; x_wconf 62' lang='lat' dir='ltr'><strong>nequidenpogmrsreemnned</strong></span> <span class='ocrx_word' id='word_1_243' title='bbox 715 3851 787 3914; x_wconf 77' lang='lat' dir='ltr'><strong>lllyr-</strong></span> <span class='ocrx_word' id='word_1_244' title='bbox 826 3849 899 3901; x_wconf 67' lang='lat' dir='ltr'><strong>nuit!</strong></span> 
     </span>
    </p>

    <p class='ocr_par' dir='ltr' id='par_1_9' title="bbox 266 3914 1351 3989">
     <span class='ocr_line' id='line_1_35' title="bbox 266 3914 1351 3989; baseline 0.011 -24"><span class='ocrx_word' id='word_1_245' title='bbox 266 3915 381 3966; x_wconf 81' lang='lat' dir='ltr'><strong>midonu</strong></span> <span class='ocrx_word' id='word_1_246' title='bbox 397 3929 454 3966; x_wconf 80' lang='lat' dir='ltr'><strong>soor</strong></span> <span class='ocrx_word' id='word_1_247' title='bbox 469 3930 527 3967; x_wconf 84' lang='lat' dir='ltr'><strong>cnm</strong></span> <span class='ocrx_word' id='word_1_248' title='bbox 543 3919 665 3971; x_wconf 70' lang='lat' dir='ltr'><strong>Petroelo</strong></span> <span class='ocrx_word' id='word_1_249' title='bbox 681 3923 707 3971; x_wconf 89' lang='lat' dir='ltr'><strong>in</strong></span> <span class='ocrx_word' id='word_1_250' title='bbox 723 3939 787 3989; x_wconf 69' lang='lat' dir='ltr'><strong>pug·</strong></span> <span class='ocrx_word' id='word_1_251' title='bbox 858 3923 870 3957; x_wconf 66' lang='grc' dir='ltr'>Ι</span> <span class='ocrx_word' id='word_1_252' title='bbox 887 3921 1010 3971; x_wconf 75' lang='lat' dir='ltr'><strong>Proditis</strong></span> <span class='ocrx_word' id='word_1_253' title='bbox 1018 3914 1113 3985; x_wconf 77' lang='lat' dir='ltr'><strong>prelio]</strong></span> <span class='ocrx_word' id='word_1_254' title='bbox 1134 3923 1226 3975; x_wconf 82' lang='lat' dir='ltr'><strong>Potius</strong></span> <span class='ocrx_word' id='word_1_255' title='bbox 1236 3927 1351 3979; x_wconf 81' lang='lat' dir='ltr'><strong>scribere</strong></span> 
     </span>
    </p>

    <p class='ocr_par' dir='ltr' id='par_1_10' title="bbox 266 3994 1350 4134">
     <span class='ocr_line' id='line_1_36' title="bbox 266 3994 1350 4067; baseline 0.008 -24"><span class='ocrx_word' id='word_1_256' title='bbox 266 4007 325 4047; x_wconf 80' lang='lat' dir='ltr'><strong>urm</strong></span> <span class='ocrx_word' id='word_1_257' title='bbox 336 3994 425 4055; x_wconf 77' lang='lat' dir='ltr'><strong>mittit.</strong></span> <span class='ocrx_word' id='word_1_258' title='bbox 827 3996 1350 4067; x_wconf 53' lang='lat' dir='ltr'><strong>oseemtninprettont’stinirinpro-</strong></span> 
     </span>
     <span class='ocr_line' id='line_1_37' title="bbox 302 4068 1056 4134; baseline 0.004 -14"><span class='ocrx_word' id='word_1_259' title='bbox 302 4068 587 4125; x_wconf 74' lang='lat' dir='ltr'><strong>¹erodrsulrtr&#39;neretu</strong></span> <span class='ocrx_word' id='word_1_260' title='bbox 603 4070 695 4134; x_wconf 73' lang='lat' dir='ltr'><strong>pugno]</strong></span> <span class='ocrx_word' id='word_1_261' title='bbox 721 4072 787 4129; x_wconf 80' lang='lat' dir='ltr'><strong>Bro-</strong></span> <span class='ocrx_word' id='word_1_262' title='bbox 826 4071 1056 4123; x_wconf 69' lang='lat' dir='ltr'><strong>rtlntttnnellem!</strong></span> 
     </span>
    </p>

    <p class='ocr_par' dir='ltr' id='par_1_11' title="bbox 267 4144 1351 4217">
     <span class='ocr_line' id='line_1_38' title="bbox 267 4144 1351 4217; baseline 0.007 -22"><span class='ocrx_word' id='word_1_263' title='bbox 267 4151 307 4195; x_wconf 84' lang='lat' dir='ltr'><strong>tm</strong></span> <span class='ocrx_word' id='word_1_264' title='bbox 325 4145 358 4194; x_wconf 76' lang='lat' dir='ltr'><strong>nd</strong></span> <span class='ocrx_word' id='word_1_265' title='bbox 374 4145 506 4195; x_wconf 82' lang='lat' dir='ltr'><strong>Atticum:</strong></span> <span class='ocrx_word' id='word_1_266' title='bbox 531 4144 585 4195; x_wconf 88' lang='lat' dir='ltr'><strong>‘Ut</strong></span> <span class='ocrx_word' id='word_1_267' title='bbox 600 4158 629 4194; x_wconf 84' lang='lat' dir='ltr'><strong>re</strong></span> <span class='ocrx_word' id='word_1_268' title='bbox 644 4144 786 4197; x_wconf 73' lang='lat' dir='ltr'><strong>maledictis</strong></span> <span class='ocrx_word' id='word_1_269' title='bbox 860 4148 866 4182; x_wconf 90' lang='lat'>¹</span> <span class='ocrx_word' id='word_1_270' title='bbox 891 4147 1020 4211; x_wconf 70' lang='lat' dir='ltr'><strong>Proripit]</strong></span> <span class='ocrx_word' id='word_1_271' title='bbox 1051 4146 1085 4199; x_wconf 89' lang='lat' dir='ltr'><strong>ld</strong></span> <span class='ocrx_word' id='word_1_272' title='bbox 1105 4156 1155 4214; x_wconf 83' lang='lat' dir='ltr'><strong>ert,</strong></span> <span class='ocrx_word' id='word_1_273' title='bbox 1175 4158 1351 4217; x_wconf 66' lang='lat' dir='ltr'><strong>praecerpit.</strong></span> 
     </span>
    </p>
   </div>
   <div class='ocr_carea' id='block_1_8' title="bbox 0 0 1604 4972">
    <p class='ocr_par' dir='ltr' id='par_1_12' title="bbox 0 0 1604 4972">
     <span class='ocr_line' id='line_1_39' title="bbox 0 0 1604 4972; baseline 0 3"><span class='ocrx_word' id='word_1_274' title='bbox 0 0 1604 4972; x_wconf 95' lang='lat' dir='ltr'><strong> </strong></span> 
     </span>
    </p>
   </div>
  </div>
 </body>
</html>
