3010 4978
262 378 306 443 63
694 389 781 437 nun.
804 389 915 437 surus

349 538 419 603 Aut
432 539 554 602 samam
567 556 714 619 sequere,
728 544 786 602 aut
800 538 864 603 sibi
878 538 1107 604 convenientia
1121 541 1219 622 linge,

348 638 494 719 Scriptur
508 657 518 716 3
538 635 733 700 honoratum
746 639 777 701 si
791 640 874 702 torte
888 641 1018 722 reponis
1030 638 1206 716 Achillem,

347 737 506 818 Impiger,
519 735 711 813 iracundus,
724 738 953 816 inexorabilis,
968 759 1055 819 acer,

269 866 275 881 ¹
345 836 430 903 Jura
440 842 536 918 neget
549 835 616 900 sibi
629 841 722 915 natu,
733 837 814 902 nihil
827 857 895 902 non
904 844 1036 922 arroget
1050 839 1162 904 armis.

253 1034 257 1049 ·
304 1000 346 1064 ln
361 1000 434 1084 ejus
448 998 569 1066 Groeco
590 1001 724 1066 nomine
738 1000 858 1067 ludunt
872 1001 1111 1068 Grammatici:
1133 980 1260 1084 quippe
1274 1001 1347 1085 qui-

231 1100 406 1195 ·busdam
435 1109 488 1167 est
516 1100 678 1180 Achilles,
707 1102 797 1185 quod
827 1101 943 1167 dolore
973 1100 1156 1168 confecerit
1184 1101 1347 1179 Ilienses;

261 1202 463 1287 quibusdam
491 1203 581 1285 quod
604 1209 727 1277 exusta
754 1204 862 1288 ipsius
885 1203 992 1281 labra,
1014 1223 1091 1267 curn
1115 1201 1233 1267 Tbetis
1255 1202 1349 1285 quic·

261 1303 345 1388 quid
359 1303 392 1367 in
406 1322 448 1366 eo
463 1303 615 1380 mortale,
630 1304 707 1385 igne
726 1303 853 1387 injecto
867 1303 1014 1368 eximere
1028 1308 1168 1387 pararet

264 1394 269 1401 ’
305 1401 557 1468 Inrulnerabilis
581 1410 677 1483 erat;
713 1394 896 1486 postquam
924 1422 1012 1482 eum,
1042 1402 1150 1467 adhuc
1178 1401 1348 1477 infantem,

260 1510 367 1570 mater
380 1500 473 1585 Stygi
487 1502 703 1582 immerserat,
717 1502 804 1587 pede
818 1505 964 1568 retinens
977 1525 986 1583 ;
1009 1503 1108 1586 cujus
1123 1521 1202 1586 pars
1223 1502 1348 1566 idcirco

196 1668 200 1673 ,
261 1604 390 1670 vulneri
404 1607 531 1685 pateus.
1207 1594 1210 1599 ⁴

303 1702 521 1768 Educabatur
543 1720 564 1765 a
586 1700 729 1767 Chirone
756 1701 933 1782 Thessalo,
963 1702 1022 1785 qui
1049 1701 1182 1765 bellicis
1211 1704 1355 1781 artibus,¹
1433 1714 1446 1723 ·

260 1804 392 1870 musica
406 1822 446 1867 ae
461 1802 625 1867 medicina
645 1822 721 1865 eum
743 1801 909 1865 instruxit.
950 1800 1104 1866 Juvenal.
1122 1816 1187 1863 ιιι.
1201 1800 1275 1864 210.
1293 1801 1349 1865 cui

262 1903 346 1967 adde
362 1901 462 1967 ovid.
479 1918 503 1965 ι.
519 1901 590 1966 Art.
605 1902 660 1964 11.
673 1907 708 1964 et
723 1900 864 1979 Statius,
882 1918 905 1963 ι.
919 1897 1040 1965 Achill.
1058 1898 1135 1963 186.

303 2003 430 2067 Verum
459 2002 628 2083 ingruente
655 2000 813 2083 Troianae
842 2000 1066 2083 expeditionis
1087 1997 1189 2077 sarna,
1202 1998 1283 2081 quia
1305 2019 1351 2065 ex

262 2103 400 2169 oraculo
413 2099 578 2167 didicerat
591 2117 667 2162 eum
683 2106 762 2163 ante
782 2097 919 2182 Trojam
934 2098 1122 2180 periturum,
1136 2105 1241 2163 mater
1256 2098 1351 2165 adul·

261 2206 335 2267 tum
350 2204 435 2268 inter
449 2198 651 2286 Lycomedis
667 2199 740 2282 (qui
766 2218 826 2263 rex
840 2194 952 2283 Scyri)
965 2196 1055 2261 filias
1067 2196 1224 2262 occuluit.
1269 2199 1350 2265 Oui·

262 2301 351 2378 dius,
365 2318 390 2366 ι.
414 2301 487 2365 Art.
501 2301 576 2365 681.
590 2299 648 2362 ubi
663 2298 798 2380 Ulyssis
810 2298 939 2371 artibus
953 2304 1156 2380 compertus,
1172 2298 1214 2361 ad
1229 2299 1348 2362 bellurn

261 2404 449 2481 protractus
464 2404 527 2461 est.
550 2462 553 2469 ,
570 2396 653 2460 Stat
669 2411 711 2459 ιι.
726 2386 905 2459 Achilleid.
920 2396 995 2459 191.

305 2498 411 2563 Arma
437 2496 540 2560 dabat
566 2500 681 2572 mater,
704 2513 727 2558 a
752 2493 908 2560 Vulcano
928 2494 1104 2563 fabricata.
1148 2497 1247 2563 ovid.
1262 2513 1348 2562 xrrr.

264 2599 405 2665 Metam.
418 2594 494 2659 288.
510 2593 614 2659 Hom.
628 2592 669 2656 Il.
681 2618 709 2656 τ.

305 2698 399 2762 Inter
424 2694 600 2778 Trojanos,
629 2694 701 2779 ejus
725 2693 845 2761 dextra
868 2708 1071 2778 percussos,·
1084 2694 1232 2776 Hector3
1254 2698 1349 2781 cnjus

263 2799 407 2865 cadaver
421 2794 592 2877 alligatum
611 2795 718 2859 currui
740 2794 896 2879 raptavit,
911 2815 951 2860 ac
974 2796 1108 2861 demum
1130 2798 1217 2880 patri
1238 2797 1349 2868 vendi-

262 2901 322 2966 dit.
365 2898 468 2963 Hom.
484 2896 525 2961 ll.
537 2894 573 2970 le.
589 2905 623 2962 et
636 2920 668 2959 o.

304 3000 457 3066 Tandem
478 2997 653 3076 occubuit;
675 2993 815 3060 insidias
839 2997 872 3059 ei
884 3001 1028 3060 struente
1043 2996 1167 3062 Paride
1178 3019 1192 3081 ς,
1210 2998 1240 3062 si
1256 2998 1349 3082 Virg.

264 3119 315 3166 vr.
338 3101 414 3167 AEn.
436 3100 489 3163 57.
533 3096 664 3174 Seruio,
690 3094 733 3160 ad
755 3110 810 3159 ιιι.
824 3094 903 3161 AEn.
923 3097 976 3161 85.
998 3101 1032 3161 et
1056 3094 1205 3181 Hygino.
1220 3101 1294 3165 107.
1315 3105 1350 3164 et

261 3202 336 3267 lla.
359 3200 442 3265 Fal).
457 3198 541 3262 fides
554 3196 718 3274 habenda,
731 3195 868 3261 feriente
883 3194 1050 3279 Apolline.

305 3299 495 3363 videantur
509 3302 617 3360 tamen
626 3303 662 3360 et
677 3295 720 3358 de
734 3294 876 3360 Achillis
888 3294 1020 3361 interitu
1033 3288 1209 3381 personati
1223 3300 1348 3380 nosen

262 3398 383 3478 Dictys
398 3413 447 3459 ιν.
461 3396 514 3459 11.
527 3407 561 3459 et
575 3392 692 3476 Dares,
706 3394 761 3459 85.

306 3494 407 3558 Hauc
421 3499 530 3558 autem
545 3491 687 3560 Achillis
704 3494 824 3559 faciem
844 3515 864 3558 e
886 3494 1033 3560 Nummu
1047 3496 1146 3582 (sorte
1159 3496 1259 3583 ficto)
1273 3519 1347 3582 pro·

263 3593 341 3657 tulit
354 3592 528 3666 Caninius,
538 3593 593 3657 24.
612 3612 713 3676 qnam
725 3600 872 3659 mutuam
884 3597 1004 3661 sumsit
1017 3595 1258 3678 l'hesauroque
1273 3618 1346 3675 suo,

263 3693 307 3756 ad
323 3690 390 3755 Lit.
407 3706 456 3753 ιν.
479 3690 617 3756 inscruit
639 3691 850 3759 Gronovius:
883 3695 982 3779 plane
1005 3694 1121 3758 saltem
1143 3694 1274 3762 diversa
1303 3699 1346 3763 ab

262 3811 305 3858 ea
325 3809 424 3874 quum
446 3789 575 3869 dedere,
590 3792 625 3856 in
643 3790 787 3870 Troicis,
816 3794 871 3858 32.
893 3812 912 3857 e
936 3791 1147 3858 Numismate
1174 3792 1347 3881 Bogerus3

263 3891 342 3955 etin
356 3888 605 3975 Dactyliothec·
619 3912 661 3960 rr.
674 3899 754 3958 tom.
769 3894 845 3959 521.
861 3898 895 3957 et
908 3892 984 3958 522.
995 3891 1073 3958 Gte
1088 3892 1239 3974 Gemma,
1255 3896 1345 3962 idem

264 3990 462 4057 Gronovius.
