3200 4978
535 903 640 992 AD
692 901 1170 994 LECTOREM.

706 1189 1004 1199 m

308 1414 366 1482 Ur
392 1416 481 1500 epud
503 1422 630 1480 veteres
652 1419 781 1478 statues
803 1413 885 1474 bene
910 1413 1113 1490 meritorum,
1133 1432 1223 1498 quus
1242 1415 1394 1480 Plinius·

307 1517 580 1584 humanissimum
595 1521 695 1580 vocat
708 1513 929 1590 ambitionem,
950 1513 1064 1597 cupite
1077 1513 1191 1580 demto
1207 1517 1242 1580 iu
1256 1515 1393 1581 ulterius

306 1616 455 1692 formum,
470 1615 582 1693 surdo,
598 1622 635 1680 ut
649 1617 737 1680 idem
752 1615 811 1690 uit,
830 1613 1002 1694 figurarum
1023 1613 1221 1692 discrimine,
1245 1616 1396 1680 solebant

307 1715 541 1798 μπαρρυθμίζιιι,
567 1726 603 1780 et
628 1714 877 1794 transfigurem
900 1712 954 1778 vel
979 1713 1075 1780 titulo
1099 1713 1236 1779 inducto
1257 1716 1395 1779 eusdem

306 1816 452 1898 pessimo
473 1815 626 1900 exemplo
651 1813 858 1900 μεταγράφων,
880 1833 1017 1898 eamque
1038 1815 1173 1882 leudem
1195 1815 1289 1880 elteri
1305 1825 1397 1878 tron-

305 1915 470 1997 scribere;
486 1917 536 1980 sic
549 1917 585 1980 iu
599 1916 721 1980 statuis
729 1916 951 1996 ingeniorum,
966 1933 1043 1998 quae
1054 1915 1290 1998 rempublicam
1305 1915 1397 1978 leoe-

306 2023 384 2082 runt
396 2017 583 2096 literarium,
598 2017 693 2081 libris
706 2015 796 2094 dioo,
811 2015 915 2081 elieui
936 2016 1062 2081 loboris
1082 2015 1190 2092 ineos,
1213 2016 1396 2098 peregrinus

306 2118 420 2199 glorius
435 2115 593 2199 cboragos
616 2115 765 2198 reperiri,
787 2117 847 2198 qui
869 2117 1020 2200 pessimo
1034 2118 1184 2201 publico,
1197 2117 1333 2181 ulterius
1345 2117 1396 2179 in-

307 2215 469 2280 dustrium
484 2235 555 2281 sum
571 2221 762 2300 supponent
783 2216 938 2296 igneviae,
955 2217 1098 2282 alienum
1120 2217 1202 2300 qnid
1221 2219 1396 2280 inermum

306 2315 437 2392 tollant,
459 2315 552 2396 μάζαν
570 2339 607 2400 γι
628 2313 793 2400 μιμαχὸτις
813 2317 862 2392 τὴν
880 2319 925 2378 ὑπ’
938 2317 1030 2379 ἄλλον
1043 2315 1226 2399 μεμιγμένην,
1242 2314 1293 2376 καὶ
1304 2318 1398 2376 ἄλλο·

305 2410 399 2495 τμῖοις,
415 2421 452 2478 ut
465 2414 616 2479 Isidorus
631 2416 680 2480 uit
697 2413 883 2494 pelusiota,
903 2415 1122 2498 ἀνακλαζὸμινοι
1137 2413 1235 2490 τόνοις,
1258 2412 1394 2497 jamdu-

306 2513 465 2593 domest,
490 2534 567 2581 cum
592 2518 751 2580 bonorum
772 2516 944 2583 literarum
963 2516 1136 2601 conquesti
1156 2521 1233 2578 suut
1248 2511 1394 2577 umusii.b

305 2614 459 2682 Clemens
473 2615 722 2682 Alexandrinus
736 2615 832 2681 folles
848 2617 1011 2700 ejusmodi
1025 2616 1202 2692 literatius,
1215 2613 1395 2681 Vitruvius

306 2715 418 2780 Pollio
433 2727 469 2782 et
492 2717 708 2782 Herodotus⁰
734 2726 929 2783 enumerant
949 2721 1088 2784 multos:
1112 2716 1153 2781 do
1179 2716 1303 2800 quibus
1317 2735 1395 2780 vere

305 2815 476 2898 synesius),
497 2824 620 2901 ἡγοῦμαι
645 2818 670 2880 δ’
693 2817 877 2903 ἄτιβίττιρον
897 2817 1084 2882 ἀποθανόντων
1108 2816 1210 2903 λόγους
1225 2815 1396 2892 alburni

307 2915 447 2998 θοιμάτιιι,
462 2915 476 2981 l
491 2921 621 2982 καλεῖται
636 2922 852 3005 ιυμβιιρυχιῐνι
868 2927 903 2984 et
925 2919 1075 2985 Plinius:
1090 2919 1230 2984 obnoxii
1244 2916 1393 3002 profecto

305 3026 356 3084 est
378 3021 479 3085 enimi
505 3021 712 3106 inselioisque
737 3023 871 3105 ingenii,
898 3021 1102 3105 deprehendi
1123 3022 1157 3084 in
1176 3020 1261 3084 furto
1277 3019 1390 3096 malle,

306 3139 405 3203 quum
427 3128 575 3188 mutuum
599 3121 749 3202 reddere,
773 3142 848 3186 cum
869 3122 1051 3204 praesertim
1067 3140 1140 3185 sors
1154 3121 1212 3184 dot
1225 3136 1392 3183 exusnrut

305 3221 397 3287 Hirro
412 3223 505 3288 multi
519 3223 594 3307 jure
608 3224 817 3305 postliminii,
833 3231 869 3288 et
883 3221 1059 3287 interdicto
1074 3219 1162 3286 unde
1183 3222 1230 3298 ri,
1246 3219 1280 3282 in
1292 3218 1393 3283 libro·

259 3350 270 3375 ι
304 3338 375 3381 ιιιιιι
395 3323 478 3387 istas
498 3324 615 3388 lenrius
637 3332 672 3389 et
696 3325 902 3408 ingeniorum
928 3322 1082 3407 αἰγιθῆλας
1102 3327 1194 3385 recte
1219 3327 1322 3403 utque
1343 3338 1394 3384 or·

304 3415 378 3480 dine
394 3422 446 3483 usi
467 3423 613 3488 suerunt:
641 3441 750 3507 neque
773 3425 835 3488 ebs
862 3443 896 3487 re
918 3425 1017 3496 soret,
1040 3421 1070 3485 si
1087 3430 1124 3484 nt
1138 3420 1218 3484 olim
1232 3417 1392 3483 adversus

304 3519 491 3597 caprarius,
506 3521 554 3584 ite
568 3542 589 3586 n
603 3530 725 3588 senatu
747 3521 873 3590 critico
894 3525 929 3588 iu
956 3523 1043 3608 illos,
1066 3520 1122 3604 q'ui
1138 3519 1251 3584 aliens
1265 3519 1392 3602 compi·

303 3615 384 3692 lunt,
414 3615 598 3685 Praefectus
622 3622 771 3707 Vigilum
796 3625 952 3691 duretur:
979 3640 1092 3686 menes
1110 3626 1166 3682 τῶν
1180 3616 1342 3703 φιλοκάλων
1356 3619 1391 3682 id

302 3714 399 3780 unice
412 3717 597 3798 probarent,
623 3742 700 3788 curu
725 3725 864 3809 quilibet
887 3726 991 3790 instar
1009 3719 1160 3786 Thaletis
1183 3727 1218 3786 et
1232 3718 1390 3785 Mnmnrii

249 3923 260 3942 ι
334 3913 461 3957 univ.
479 3911 503 3956 t.
535 3905 827 3964 vtueeuderssuero
898 3915 1024 3966 eluritr
1041 3913 1156 3965 Homeri.
1188 3911 1344 3962 Videeriuor
1357 3907 1387 3957 Ρ.

300 3984 370 4034 utun
382 3997 426 4034 ιιι.
437 3981 564 4033 erutonis
583 3981 684 4030 Proui
701 3986 825 4050 ἱιιιιςιιιιιι
866 3987 975 4038 roomo
988 3988 1107 4053 Αςοιιιιι.
1124 4001 1156 4038 ιι.
1172 3991 1213 4037 ιι.
1232 3987 1317 4050 Epist.
1335 3986 1389 4034 run

301 4061 467 4112 llbodireuur.
865 4063 1009 4116 Fenestella
1019 4067 1060 4114 tt.
1079 4063 1160 4114 Arist.
1172 4063 1231 4113 Etb.
1244 4075 1281 4111 rr.
1295 4067 1317 4110 1.

332 4133 344 4167 δ
358 4133 453 4186 strom.
466 4149 502 4186 vr.
519 4137 576 4184 tlt.
594 4131 625 4182 Iu
637 4134 759 4197 prooemio
770 4150 820 4189 ιιι.
