3176 4976
465 404 512 451 nn
538 404 655 453 nanno
678 400 850 453 ruorsrro
876 401 948 451 ιιι.
973 403 1025 448 ιν.
1215 389 1280 453 473

195 544 370 609 Βι1ιιιυιιι
385 547 550 624 excubiis,
563 552 686 612 teretes
698 544 884 610 cumulatur
895 545 930 609 in
940 551 1031 609 artos
1213 547 1278 611 150

194 646 325 709 Comen
340 665 450 711 masau
464 654 608 722 tumens,
621 641 789 729 animique
799 646 916 712 ebullit
928 634 1068 728 Erinnys

194 746 236 809 ln
249 754 364 828 caput,
379 748 411 810 in
425 766 549 830 corpus
562 747 747 829 reliquum:
771 746 906 811 livescit
920 747 1067 810 inustum

195 845 393 927 Sanguineis
407 856 525 931 peetus
535 848 688 923 maculis,
704 866 788 927 gena
802 847 951 929 disputet
964 845 1092 929 hydris,

194 947 329 1012 Indicio
346 947 457 1031 pejora
472 949 597 1024 virens,
613 955 646 1013 et
659 950 778 1013 mentis
792 946 929 1011 anhelas

194 1048 368 1112 Accusant
381 1049 486 1112 furius
501 1048 661 1112 flammati
676 1048 832 1113 incendia
846 1047 958 1113 erinis.
1214 1049 1281 1117 155

239 1149 280 1212 In
295 1149 438 1213 medium
453 1150 576 1214 librata
589 1157 712 1213 statum
729 1148 855 1213 Briseis
868 1147 991 1212 heriles

199 1248 327 1313 Premit
341 1251 374 1313 in
390 1249 544 1315 affectum
560 1251 683 1329 vultus,
696 1250 836 1314 nodatur
849 1250 884 1312 in
896 1268 1013 1333 aequos

195 1351 358 1415 Planities
369 1354 487 1416 crinito
501 1351 607 1429 siuns,
619 1352 812 1433 umbraeque
827 1350 963 1415 minoris

142 1505 147 1516 .
195 1451 351 1516 Delicias
364 1453 484 1517 oculus
495 1451 632 1535 junctos
649 1451 826 1536 suspendit
837 1452 872 1515 in
888 1461 1003 1531 artns;

196 1552 333 1617 Divitiis
348 1553 461 1619 iormae
476 1561 605 1619 certant
620 1554 761 1637 insignia
772 1572 914 1632 morum,
1219 1552 1284 1619 160

194 1651 319 1717 Sobria
330 1655 538 1737 simplicitas,
554 1656 660 1721 comis
674 1656 796 1738 pudor,
808 1654 902 1719 arida
916 1672 1089 1738 nunqnam

198 1752 362 1817 Poscenti
377 1758 498 1838 pietas,
512 1763 546 1820 et
559 1756 653 1819 sandi
665 1758 773 1836 gratia
787 1755 885 1818 lenis.

237 1853 438 1936 Tyndaridis
453 1855 593 1936 geminis
608 1855 773 1934 geminum
786 1852 879 1928 nibil,
894 1854 1012 1918 unicus
1027 1855 1145 1918 ambos

195 1952 273 2017 Oris
281 1954 389 2017 bonos
400 1955 523 2017 ambit:
550 1952 671 2016 similis
681 1951 834 2031 flavescit
843 1951 977 2033 utrique

196 2052 327 2115 crinis:
353 2071 414 2135 per
428 2051 549 2114 hilares
563 2052 715 2131 augescit
728 2052 823 2114 viarm
837 2051 872 2113 in
888 2052 1007 2114 orbes:
1221 2050 1286 2115 16⁶

198 2343 275 2467 etigg
293 2340 407 2452 ¹lagoenam
416 2339 468 2391 Μι.
477 2345 638 2406 marm-159
653 2341 733 2392 Arm
743 2342 944 2392 Bressos-ltili
962 2343 1036 2393 Risar
1047 2343 1114 2394 Edd.
1126 2342 1204 2393 Basti.
1216 2342 1284 2393 Mor.

277 2419 292 2453 o
329 2419 343 2452 a
361 2433 370 2449 .

690 2532 798 2583 NOTAE

222 2647 270 2693 lut
280 2644 722 2710 annumeratione-audentem
762 2626 824 2696 eure
838 2647 981 2711 Disputat!

197 2718 283 2768 resero
291 2718 388 2766 varium
396 2724 423 2766 et
432 2720 597 2781 eontrarium,
608 2735 657 2785 qno
669 2734 722 2770 rea·
794 2726 842 2773 1⁶6
851 2723 1035 2775 Briarialrarilea
1044 2725 1286 2789 Proariliaaffectasa

114 2842 120 2851 ,
197 2794 295 2856 piciuut
313 2793 366 2851 ilia,
385 2792 500 2843 ‘indicio
517 2797 606 2859 pejore
621 2796 723 2847 rirenu'
760 2797 851 2860 saltas]
873 2799 981 2857 Briseis,
993 2808 1022 2849 ut
1034 2802 1161 2850 comatos
1174 2800 1286 2861 aalt‚di·

195 2867 285 2939 Plaut.
296 2868 323 2917 ia
336 2867 496 2919 Menochia:
510 2871 623 2920 ‘Viden’
633 2872 721 2922 oeulos
761 2871 830 2921 citur
839 2875 912 2935 quari
931 2874 1043 2923 Britals:
1060 2873 1130 2936 apert
1144 2876 1213 2924 enirn
1224 2876 1286 2924 Cre·

194 2943 231 2993 illi
243 2944 328 2994 rirere
337 2943 355 2993 i'
383 2944 465 2994 Item:
482 2947 528 2996 ‘nt
541 2946 629 2996 uiridis
639 2946 721 2996 exori·
763 2947 878 2993 tensibus
889 2952 928 2994 est
939 2948 1024 3007 dolce,
1036 2949 1103 2997 node
1114 2948 1287 3011 Britomartis,

195 3026 239 3069 tur
249 3019 343 3070 eolorl'
359 3018 391 3069 de
410 3021 465 3082 illo,
487 3021 531 3086 qui
549 3021 673 3070 insaniam
689 3020 722 3069 ai·
762 3018 800 3067 ait
811 3017 1044 3079 doliana,sarnrooe
1055 3028 1142 3069 nostro
1150 3030 1225 3069 sonat
1236 3024 1286 3070 vir·

196 3095 319 3145 malebat.
353 3094 395 3143 ita
413 3094 502 3145 Grani
517 3095 722 3158 xamptvsubpei-
761 3091 846 3154 duem
855 3091 965 3141 daim.
989 3093 1057 3143 Vide
1066 3093 1244 3144 Caaaubonom
1253 3095 1287 3144 ad

195 3168 285 3229 lidum,
301 3169 465 3231 χλιροσιῦρι,
481 3171 548 3233 quod
562 3171 633 3235 Vlrg.
644 3169 723 3219 ‘virb
761 3165 896 3216 Strabonis
907 3165 952 3216 iib.
961 3178 989 3217 x.
999 3174 1006 3196 ⁴
1017 3168 1120 3217 Vultum
1129 3168 1155 3216 in
1165 3165 1286 3227 affectum

197 3242 363 3292 dislaeerta.’
390 3241 722 3295 Vide'l'orneb.xvrrr.lt.
764 3239 898 3304 promere’
925 3250 966 3292 est
987 3241 1018 3291 ad
1044 3241 1286 3304 receptoriae:

197 3313 277 3367 outo.
295 3328 328 3365 rr.
347 3316 455 3365 Metam.
470 3320 478 3343 ‘
491 3317 602 3366 Pectora
613 3317 674 3367 telle
685 3319 722 3367 ri·
763 3318 832 3369 uude
849 3316 920 3382 siper
938 3321 1012 3382 noodr
1030 3315 1164 3380 tamum
1184 3314 1287 3367 dicabat

198 3394 267 3449 rent,
278 3403 348 3439 meus
359 3397 400 3440 ast
415 3387 513 3439 iniecta
524 3390 640 3439 ueneno!
671 3392 722 3441 Ea·
763 3393 913 3444 Alexander
923 3394 1041 3445 Macedo.

199 3476 267 3527 pono
286 3463 320 3512 da
341 3464 447 3529 insidia,
470 3479 517 3529 per
536 3479 613 3527 qaam
632 3467 722 3526 optimi
795 3473 842 3519 lua
868 3469 1010 3535 iberis-idio
1035 3468 1138 3532 ‘mais
1160 3468 1289 3531 mua,

198 3552 300 3604 quoquo
311 3539 343 3589 ab
354 3540 475 3603 improbis
484 3541 556 3604 quasi
567 3538 724 3602 exprobran-
761 3544 816 3607 ξι]
841 3544 915 3595 Adeo
934 3545 1029 3595 similes
1047 3547 1093 3595 bos
1113 3543 1191 3595 {niam
1212 3553 1288 3608 potat

198 3623 241 3664 tea
258 3618 426 3679 aspiciuntur,
444 3625 473 3666 nt
492 3617 529 3666 ait
545 3614 668 3677 flniprtioa
679 3616 724 3666 Se·
764 3616 892 3680 Vitellios,
908 3628 937 3670 ut
951 3634 1001 3670 nou
1013 3620 1118 3685 duplex,
1129 3620 1287 3683 nonnullis,

198 3704 275 3745 seraa
294 3704 327 3740 ιι.
358 3691 661 3744 stamineorum
680 3705 724 3743 ra:
764 3691 810 3742 sed
822 3706 872 3742 una
885 3701 914 3743 et
929 3693 1020 3744 eedem
1037 3694 1136 3743 duobos
1152 3693 1231 3745 tuerit
1249 3692 1287 3743 ia·

197 3765 334 3829 ‘Agnovit
362 3768 494 3834 juvenem,
525 3769 724 3834 scintillauitque
763 3768 1288 3833 cies,utilllapadPapln.v.'l'beb.m.

198 3843 313 3892 cruentis
325 3842 369 3892 lra
380 3843 470 3906 genie!
500 3848 509 3873 ⁶
521 3844 683 3910 Disputare,'
695 3851 724 3895 nt
763 3843 825 3905 ‘qui
835 3841 954 3904 ambiguo
962 3842 1030 3891 risus
1045 3856 1131 3892 errore
1142 3841 1289 3895 taeeoonu'

198 3918 236 3967 ait
247 3918 454 3980 Varro,‘dieitur
465 3922 651 3987 cernimusque
661 3936 724 3987 pura
763 3917 835 3980 Virg.
857 3915 936 3966 etiam
956 3914 989 3963 de
1017 3922 1089 3965 tanta
1113 3914 1289 3978 similitudine,

199 3996 371 4060 disponuntur
389 3995 477 4059 rerba,
493 3999 575 4048 uerit
593 3998 723 4055 contusus,
762 3991 1176 4059 ‘peramoeparenribmerrorl
1198 3990 1288 4044 Claud.

198 4080 277 4135 atque
295 4081 324 4121 nr
343 4070 475 4130 diluam:
490 4085 517 4122 r.
531 4071 564 4121 ds
575 4073 663 4135 lingua
674 4074 722 4123 la·
763 4072 795 4121 rie
807 4072 897 4121 iisdem
907 4088 913 4121 ε
923 4074 930 4098 ·
936 4072 1012 4135 jurat
1022 4072 1077 4136 lpse
1088 4070 1229 4121 Tonantem
1240 4069 1288 4118 Er·

198 4147 262 4196 tina.
296 4147 395 4196 Noster
406 4143 511 4194 rerbum
527 4145 590 4196 iliud
609 4145 641 4195 ed
659 4159 721 4210 poa·
761 4150 823 4206 ror,'
838 4164 876 4200 rr.
895 4152 1030 4201 Constam.
1047 4150 1165 4210 Houorli,
1176 4162 1216 4199 va.
1229 4152 1287 4201 alu

198 4236 257 4273 narn
276 4224 400 4288 applicat,
419 4229 448 4270 ut
468 4234 495 4269 r.
519 4221 606 4271 ‘uodo
622 4221 721 4271 Troilus
762 4223 860 4277 Noster
871 4239 902 4275 rr.
920 4229 976 4277 lid.
993 4228 1117 4279 ‘notarat
1136 4227 1201 4277 alter
1220 4225 1286 4277 uun
1324 4276 1351 4281 ff
